{"prime":"con","number_set":{"balancesheet":[["Share Capital",{"2008-03-31":72.34,"2016-03-31":79.57,"2014-03-31":79.56,"2011-03-31":72.34,"2015-03-31":79.56,"2013-03-31":79.56,"2012-03-31":72.34,"2017-03-31":79.57,"2010-03-31":72.34,"2009-03-31":72.34}],["Reserves",{"2008-03-31":2338.03,"2016-03-31":13305.24,"2014-03-31":9231.59,"2011-03-31":3652.06,"2015-03-31":10881.38,"2013-03-31":7723.53,"2012-03-31":5026.67,"2017-03-31":15724.47,"2010-03-31":2553.03,"2009-03-31":2517.92}],["Borrowings",{"2008-03-31":1383.61,"2016-03-31":36062.09,"2014-03-31":19506.85,"2011-03-31":6693.35,"2015-03-31":26312.09,"2013-03-31":12990.73,"2012-03-31":10201.43,"2017-03-31":48282.04,"2010-03-31":310.76,"2009-03-31":2111.27}],["Other Liabilities",{"2008-03-31":14395.72,"2016-03-31":54515.98,"2014-03-31":45575.66,"2011-03-31":43608.08,"2015-03-31":50968.0,"2013-03-31":44585.22,"2012-03-31":44161.88,"2017-03-31":64532.67,"2010-03-31":36448.1,"2009-03-31":17850.0}],["Total Liabilities",{"2008-03-31":18189.7,"2016-03-31":103962.88,"2014-03-31":74393.66,"2011-03-31":54025.83,"2015-03-31":88241.03,"2013-03-31":65379.04,"2012-03-31":59462.32,"2017-03-31":128618.75,"2010-03-31":39384.23,"2009-03-31":22551.53}],["Fixed Assets",{"2008-03-31":11218.52,"2016-03-31":1273.54,"2014-03-31":1262.42,"2011-03-31":579.98,"2015-03-31":1260.67,"2013-03-31":1207.87,"2012-03-31":817.78,"2017-03-31":1645.4,"2010-03-31":28781.8,"2009-03-31":14313.64}],["CWIP",{"2008-03-31":60.26,"2016-03-31":10.76,"2014-03-31":1.38,"2011-03-31":13.98,"2015-03-31":2.76,"2013-03-31":1.79,"2012-03-31":18.01,"2017-03-31":3.54,"2010-03-31":54.65,"2009-03-31":119.24}],["Investments",{"2008-03-31":5698.29,"2016-03-31":53697.8,"2014-03-31":45314.25,"2011-03-31":43127.47,"2015-03-31":51366.55,"2013-03-31":43250.91,"2012-03-31":43505.57,"2017-03-31":62658.46,"2010-03-31":8940.12,"2009-03-31":6595.45}],["Other Assets",{"2008-03-31":1212.63,"2016-03-31":48980.78,"2014-03-31":27815.61,"2011-03-31":10304.4,"2015-03-31":35611.05,"2013-03-31":20918.47,"2012-03-31":15120.96,"2017-03-31":64311.35,"2010-03-31":1607.66,"2009-03-31":1523.2}],["Total Assets",{"2008-03-31":18189.7,"2016-03-31":103962.88,"2014-03-31":74393.66,"2011-03-31":54025.83,"2015-03-31":88241.03,"2013-03-31":65379.04,"2012-03-31":59462.32,"2017-03-31":128618.75,"2010-03-31":39384.23,"2009-03-31":22551.53}]],"annual":[["Sales",{"2008-03-31":355.2,"2016-03-31":20533.28,"2014-03-31":6022.6,"2011-03-31":2415.27,"2015-03-31":11334.79,"2013-03-31":8055.15,"2012-03-31":2714.62,"2017-03-31":24521.64,"2010-03-31":457.51,"2009-03-31":378.18}],["Expenses",{"2008-03-31":313.88,"2016-03-31":13794.9,"2014-03-31":1531.65,"2011-03-31":615.31,"2015-03-31":5818.81,"2013-03-31":4123.94,"2012-03-31":920.34,"2017-03-31":15808.62,"2010-03-31":-353.05,"2009-03-31":215.19}],["Operating Profit",{"2008-03-31":41.32,"2016-03-31":6738.38,"2014-03-31":4490.95,"2011-03-31":1799.96,"2015-03-31":5515.98,"2013-03-31":3931.21,"2012-03-31":1794.28,"2017-03-31":8713.02,"2010-03-31":810.56,"2009-03-31":162.99}],["OPM",{"2008-03-31":11.63,"2016-03-31":32.82,"2014-03-31":74.57,"2011-03-31":74.52,"2015-03-31":48.66,"2013-03-31":48.8,"2012-03-31":66.1,"2017-03-31":35.53,"2010-03-31":177.17,"2009-03-31":43.1}],["Other Income",{"2008-03-31":10.31,"2016-03-31":0.34,"2014-03-31":3.41,"2011-03-31":168.37,"2015-03-31":2.84,"2013-03-31":2.17,"2012-03-31":1190.16,"2017-03-31":0.42,"2010-03-31":3.42,"2009-03-31":7.12}],["Interest",{"2008-03-31":0.0,"2016-03-31":2876.95,"2014-03-31":1561.87,"2011-03-31":301.14,"2015-03-31":2229.58,"2013-03-31":1203.58,"2012-03-31":744.1,"2017-03-31":3716.28,"2010-03-31":0.0,"2009-03-31":0.02}],["Depreciation",{"2008-03-31":29.7,"2016-03-31":57.72,"2014-03-31":30.88,"2011-03-31":18.52,"2015-03-31":38.15,"2013-03-31":21.69,"2012-03-31":14.12,"2017-03-31":72.63,"2010-03-31":22.02,"2009-03-31":29.81}],["Profit before tax",{"2008-03-31":21.93,"2016-03-31":3804.05,"2014-03-31":2901.61,"2011-03-31":1648.67,"2015-03-31":3251.09,"2013-03-31":2708.11,"2012-03-31":2226.22,"2017-03-31":4924.53,"2010-03-31":791.96,"2009-03-31":140.28}],["Tax",{"2008-03-31":82.83,"2016-03-31":1029.51,"2014-03-31":710.49,"2011-03-31":177.7,"2015-03-31":841.94,"2013-03-31":493.94,"2012-03-31":336.47,"2017-03-31":1474.82,"2010-03-31":98.65,"2009-03-31":76.58}],["Net Profit",{"2008-03-31":-32.75,"2016-03-31":1863.27,"2014-03-31":1544.27,"2011-03-31":1114.84,"2015-03-31":1689.79,"2013-03-31":1573.64,"2012-03-31":1337.77,"2017-03-31":2261.92,"2010-03-31":559.12,"2009-03-31":71.31}],["EPS (unadj)",{"2008-03-31":0.0,"2016-03-31":117.08,"2014-03-31":97.05,"2011-03-31":77.06,"2015-03-31":106.2,"2013-03-31":98.9,"2012-03-31":92.46,"2017-03-31":142.13,"2010-03-31":38.48,"2009-03-31":4.76}],["Dividend Payout",{"2008-03-31":-44.18,"2016-03-31":1.49,"2014-03-31":1.8,"2011-03-31":1.62,"2015-03-31":1.65,"2013-03-31":1.52,"2012-03-31":1.62,"2017-03-31":1.23,"2010-03-31":2.59,"2009-03-31":20.29}]],"cashflow":[["Cash from Operating Activity",{"2016-03-31":-9795.15,"2014-03-31":-9807.38,"2011-03-31":239.4,"2015-03-31":-10731.11,"2013-03-31":-6921.7,"2012-03-31":-3848.57,"2017-03-31":-10982.58,"2010-03-31":6620.58,"2009-03-31":6964.19}],["Cash from Investing Activity",{"2016-03-31":-885.83,"2014-03-31":3763.94,"2011-03-31":-3010.92,"2015-03-31":3709.28,"2013-03-31":2952.71,"2012-03-31":-887.31,"2017-03-31":185.53,"2010-03-31":-6843.29,"2009-03-31":-7052.12}],["Cash from Financing Activity",{"2016-03-31":11601.63,"2014-03-31":6521.46,"2011-03-31":3289.08,"2015-03-31":6838.77,"2013-03-31":4592.48,"2012-03-31":3803.09,"2017-03-31":12512.75,"2010-03-31":2.1,"2009-03-31":-14.88}],["Net Cash Flow",{"2016-03-31":920.65,"2014-03-31":478.02,"2011-03-31":517.56,"2015-03-31":-183.06,"2013-03-31":623.49,"2012-03-31":-932.79,"2017-03-31":1715.7,"2010-03-31":-220.61,"2009-03-31":-102.81}]],"quarters":[["Sales",{"2016-06-30":5233.81,"2016-12-31":6317.04,"2017-03-31":7043.23,"2017-06-30":6543.15,"2015-06-30":2211.69,"2015-03-31":2405.82,"2017-09-30":7561.04,"2015-12-31":2443.88,"2016-03-31":6311.64,"2017-12-31":7665.4,"2016-09-30":5919.86,"2015-09-30":2223.8}],["Expenses",{"2016-06-30":3221.88,"2016-12-31":3959.78,"2017-03-31":4892.58,"2017-06-30":4002.88,"2015-06-30":610.21,"2015-03-31":593.04,"2017-09-30":4956.02,"2015-12-31":740.47,"2016-03-31":4477.96,"2017-12-31":4707.02,"2016-09-30":3726.81,"2015-09-30":623.99}],["Operating Profit",{"2016-06-30":2011.93,"2016-12-31":2357.26,"2017-03-31":2150.65,"2017-06-30":2540.27,"2015-06-30":1601.48,"2015-03-31":1812.78,"2017-09-30":2605.02,"2015-12-31":1703.41,"2016-03-31":1833.68,"2017-12-31":2958.38,"2016-09-30":2193.05,"2015-09-30":1599.81}],["OPM",{"2016-06-30":38.44,"2016-12-31":37.32,"2017-03-31":30.53,"2017-06-30":38.82,"2015-06-30":72.41,"2015-03-31":75.35,"2017-09-30":34.45,"2015-12-31":69.7,"2016-03-31":29.05,"2017-12-31":38.59,"2016-09-30":37.05,"2015-09-30":71.94}],["Other Income",{"2016-06-30":0.1,"2016-12-31":0.11,"2017-03-31":0.17,"2017-06-30":0.02,"2015-06-30":0.17,"2015-03-31":0.83,"2017-09-30":0.34,"2015-12-31":0.02,"2016-03-31":0.15,"2017-12-31":0.11,"2016-09-30":0.17,"2015-09-30":0.0}],["Depreciation",{"2016-06-30":16.34,"2016-12-31":18.09,"2017-03-31":20.09,"2017-06-30":22.24,"2015-06-30":11.87,"2015-03-31":9.94,"2017-09-30":24.42,"2015-12-31":15.47,"2016-03-31":17.38,"2017-12-31":27.12,"2016-09-30":18.11,"2015-09-30":13.0}],["Interest",{"2016-06-30":852.5,"2016-12-31":961.11,"2017-03-31":960.18,"2017-06-30":1055.18,"2015-06-30":664.63,"2015-03-31":602.75,"2017-09-30":1112.03,"2015-12-31":733.78,"2016-03-31":789.51,"2017-12-31":1167.84,"2016-09-30":942.49,"2015-09-30":689.03}],["Profit before tax",{"2016-06-30":1143.19,"2016-12-31":1378.17,"2017-03-31":1170.55,"2017-06-30":1462.87,"2015-06-30":925.15,"2015-03-31":1200.92,"2017-09-30":1468.91,"2015-12-31":954.18,"2016-03-31":1026.94,"2017-12-31":1763.53,"2016-09-30":1232.62,"2015-09-30":897.78}],["Tax",{"2016-06-30":326.89,"2016-12-31":426.9,"2017-03-31":351.83,"2017-06-30":447.16,"2015-06-30":248.12,"2015-03-31":222.07,"2017-09-30":462.02,"2015-12-31":276.0,"2016-03-31":260.11,"2017-12-31":560.08,"2016-09-30":369.2,"2015-09-30":245.26}],["Net Profit",{"2016-06-30":537.51,"2016-12-31":613.76,"2017-03-31":534.9,"2017-06-30":655.09,"2015-06-30":466.9,"2015-03-31":707.12,"2017-09-30":652.3,"2015-12-31":437.29,"2016-03-31":517.95,"2017-12-31":748.59,"2016-09-30":575.75,"2015-09-30":441.13}]]},"bse_code":"532978","short_name":"Bajaj Finserv","nse_code":"BAJAJFINSV","companyrating_set":[],"annualreport_set":[{"source":"bse","report_date":2017,"link":"http://www.bseindia.com/bseplus/AnnualReport/532978/5329780317.pdf"},{"source":"bse","report_date":2016,"link":"http://www.bseindia.com/bseplus/AnnualReport/532978/5329780316.pdf"},{"source":"bse","report_date":2015,"link":"http://www.bseindia.com/bseplus/AnnualReport/532978/5329780315.pdf"},{"source":"bse","report_date":2014,"link":"http://www.bseindia.com/bseplus/AnnualReport/532978/5329780314.pdf"},{"source":"bse","report_date":2013,"link":"http://www.bseindia.com/bseplus/annualreport/532978/5329780313.pdf"},{"source":"bse","report_date":2012,"link":"http://www.bseindia.com/bseplus/annualreport/532978/5329780312.PDF"},{"source":"bse","report_date":2011,"link":"http://www.bseindia.com/bseplus/annualreport/532978/5329780311.pdf"},{"source":"nse","report_date":2011,"link":"http://nseindia.com/annual_reports/AR_BAJAJFINSV_2010_2011_11102011031414.zip"},{"source":"bse","report_date":2010,"link":"http://www.bseindia.com/bseplus/annualreport/532978/5329780310.pdf"},{"source":"nse","report_date":2010,"link":"http://nseindia.com/annual_reports/AR_BAJAJFINSV_2009_2010_25082010120000.zip"}],"announcement_set":[{"ann_date":"18 Apr 2018","announcement":"Board to consider FY18 results \u0026 Dividend","link":"https://www.bseindia.com/corporates/anndet_new.aspx?newsid\u003dc4663e67-2bb8-41ef-830f-d9a0d3578530"},{"ann_date":"18 Apr 2018","announcement":"Intimation Of Meeting Of Board Of Directors Of Bajaj Finserv Limited On 17 May 2018 At Pune.","link":"https://www.bseindia.com/corporates/anndet_new.aspx?newsid\u003da8e97274-21ae-42ef-a694-5f3d79481f54"},{"ann_date":"16 Apr 2018","announcement":"Statement Of Investor Complaints For The Quarter Ended March 2018","link":"https://www.bseindia.com/corporates/anndet_new.aspx?newsid\u003da75a897f-2cc1-43a3-8997-033ede836984"},{"ann_date":"12 Apr 2018","announcement":"CERTIFICATE UNDER REGULATION 40(9) OF THE SEBI(LODR) REGULATIONS,2015 FOR HALF-YEAR ENDED 31 MARCH 2018","link":"https://www.bseindia.com/corporates/anndet_new.aspx?newsid\u003da59a311d-f637-4a64-8fc0-aba1f4cfe7ed"},{"ann_date":"12 Apr 2018","announcement":"Shareholding for the Period Ended March 31, 2018","link":"https://www.bseindia.com/corporates/anndet_new.aspx?newsid\u003dde54897b-ea1f-4399-9edd-9c6806bc356e"}],"warehouse_set":{"high_price":5790.0,"low_price":3801.0,"sales_growth":21.15,"current_price":5482.6,"dividend_yield":0.03,"face_value":5.0,"id":6594852,"sales_growth_3years":59.67,"profit_growth_5years":11.08,"average_return_on_equity_3years":15.75,"book_value":1122.57,"status":"Active","pair_url":"/company/BAJAJFINSV/","sales_growth_10years":60.07,"average_return_on_equity_10years":17.39,"profit_growth":15.41,"market_capitalization":87232.16,"price_to_earning":33.67,"industry":"Holding Companies","analysis":{"remarks":[],"bad":["Dividend payout has been low at 1.44% of profits over last 3 years"],"good":[]},"result_type":"con","profit_growth_3years":13.56,"sales_growth_5years":55.3,"return_on_equity":15.5,"average_return_on_equity_5years":17.3},"id":373,"name":"Bajaj Finserv Ltd","screenerStockPrice":{"prices":[505.9,644.7,551.86,443.43,433.99,529.69,516.37,377.96,174.04,112.01,122.14,98.05,124.01,194.44,169.91,138.55,138.6,165.05,195.13,230.22,311.51,393.89,404.9,346.11,334.66,279.32,271.9,290.18,322.82,312.79,340.27,326.8,318.89,344.39,317.07,332.25,333.78,313.97,352.85,322.23,529.25,446.48,441.61,421.36,427.46,428.1,471.35,500.59,533.67,493.91,458.86,454.69,471.64,443.04,429.08,409.96,420.33,518.48,497.2,512.68,530.92,474.99,506.93,529.44,507.47,534.31,492.93,492.78,540.6,519.61,519.27,528.12,454.78,399.59,433.8,446.63,450.61,533.67,600.42,597.22,676.01,724.42,697.49,642.05,640.08,673.36,709.58,815.6,782.42,742.15,891.5,872.15,848.45,863.35,910.7,901.85,841.05,849.8,770.7,803.5,765.0,749.1,729.45,696.05,661.5,623.55,634.95,622.8,586.65,590.0,584.6,627.25,645.6,666.25,717.45,674.1,727.85,682.35,684.7,702.35,712.05,764.6,781.05,822.25,890.6,921.7,923.45,923.95,944.45,928.65,1100.5,1044.95,1027.0,1041.5,1068.7,1320.55,1324.35,1262.2,1506.0,1461.45,1472.1,1375.85,1420.05,1455.55,1450.1,1509.5,1528.75,1705.45,1718.35,1976.9,1799.25,1875.35,1781.6,1832.7,1909.15,1937.05,1930.1,1963.45,1849.35,1829.8,1609.15,1644.65,1745.0,1850.35,1860.6,1788.85,1773.0,2299.7,2461.5,2647.95,2713.6,3133.0,3271.9,3188.55,3365.0,2842.4,2958.1,2621.8,3003.8,3165.15,3595.2,3766.5,4124.0,4372.75,4526.8,4555.05,4194.45,4225.2,4152.85,4954.25,5113.7,5443.45,5684.1,5323.5,5299.7,4974.55,5130.8,5102.2,5312.45,5007.35,5019.4,5014.05,4967.6,5250.85,5384.7],"dates":["26 May 2008","11 Jun 2008","27 Jun 2008","15 Jul 2008","31 Jul 2008","19 Aug 2008","05 Sep 2008","23 Sep 2008","13 Oct 2008","29 Oct 2008","18 Nov 2008","05 Dec 2008","24 Dec 2008","13 Jan 2009","30 Jan 2009","17 Feb 2009","06 Mar 2009","26 Mar 2009","17 Apr 2009","07 May 2009","26 May 2009","11 Jun 2009","29 Jun 2009","15 Jul 2009","31 Jul 2009","18 Aug 2009","03 Sep 2009","22 Sep 2009","12 Oct 2009","29 Oct 2009","17 Nov 2009","03 Dec 2009","21 Dec 2009","11 Jan 2010","28 Jan 2010","15 Feb 2010","04 Mar 2010","22 Mar 2010","09 Apr 2010","28 Apr 2010","14 May 2010","01 Jun 2010","17 Jun 2010","05 Jul 2010","21 Jul 2010","06 Aug 2010","24 Aug 2010","09 Sep 2010","28 Sep 2010","14 Oct 2010","01 Nov 2010","18 Nov 2010","06 Dec 2010","23 Dec 2010","10 Jan 2011","27 Jan 2011","14 Feb 2011","03 Mar 2011","21 Mar 2011","06 Apr 2011","27 Apr 2011","13 May 2011","31 May 2011","16 Jun 2011","04 Jul 2011","20 Jul 2011","05 Aug 2011","24 Aug 2011","13 Sep 2011","29 Sep 2011","18 Oct 2011","04 Nov 2011","24 Nov 2011","13 Dec 2011","29 Dec 2011","13 Jan 2012","01 Feb 2012","17 Feb 2012","06 Mar 2012","23 Mar 2012","12 Apr 2012","28 Apr 2012","16 May 2012","01 Jun 2012","19 Jun 2012","05 Jul 2012","23 Jul 2012","08 Aug 2012","28 Aug 2012","12 Sep 2012","01 Oct 2012","18 Oct 2012","06 Nov 2012","23 Nov 2012","12 Dec 2012","31 Dec 2012","16 Jan 2013","01 Feb 2013","19 Feb 2013","07 Mar 2013","25 Mar 2013","12 Apr 2013","03 May 2013","20 May 2013","05 Jun 2013","21 Jun 2013","09 Jul 2013","25 Jul 2013","13 Aug 2013","30 Aug 2013","18 Sep 2013","07 Oct 2013","24 Oct 2013","11 Nov 2013","28 Nov 2013","16 Dec 2013","02 Jan 2014","20 Jan 2014","05 Feb 2014","21 Feb 2014","12 Mar 2014","28 Mar 2014","17 Apr 2014","08 May 2014","26 May 2014","11 Jun 2014","27 Jun 2014","15 Jul 2014","01 Aug 2014","20 Aug 2014","08 Sep 2014","24 Sep 2014","16 Oct 2014","05 Nov 2014","24 Nov 2014","10 Dec 2014","29 Dec 2014","14 Jan 2015","02 Feb 2015","19 Feb 2015","09 Mar 2015","25 Mar 2015","15 Apr 2015","04 May 2015","20 May 2015","05 Jun 2015","23 Jun 2015","09 Jul 2015","27 Jul 2015","12 Aug 2015","28 Aug 2015","15 Sep 2015","06 Oct 2015","23 Oct 2015","10 Nov 2015","30 Nov 2015","16 Dec 2015","04 Jan 2016","20 Jan 2016","08 Feb 2016","24 Feb 2016","14 Mar 2016","01 Apr 2016","22 Apr 2016","10 May 2016","26 May 2016","13 Jun 2016","29 Jun 2016","18 Jul 2016","03 Aug 2016","22 Aug 2016","08 Sep 2016","27 Sep 2016","17 Oct 2016","02 Nov 2016","21 Nov 2016","07 Dec 2016","23 Dec 2016","10 Jan 2017","27 Jan 2017","14 Feb 2017","03 Mar 2017","22 Mar 2017","10 Apr 2017","27 Apr 2017","16 May 2017","01 Jun 2017","19 Jun 2017","06 Jul 2017","24 Jul 2017","09 Aug 2017","29 Aug 2017","14 Sep 2017","03 Oct 2017","19 Oct 2017","07 Nov 2017","23 Nov 2017","11 Dec 2017","28 Dec 2017","15 Jan 2018","01 Feb 2018","20 Feb 2018","09 Mar 2018","27 Mar 2018","16 Apr 2018"],"id":"373"},"stockPricesEventDays":{"exRightsStocks":{"20120814":924.72,"20120813":896.18,"20120816":899.96,"20120817":881.2,"20120730":714.69,"20120810":884.98,"20120731":728.4,"20120908":788.0,"20120903":784.61,"20120823":869.11,"20120824":810.06,"20120829":754.05,"20120906":783.75,"20120907":781.45,"20120904":792.66,"20120827":780.23,"20120905":789.86,"20120828":782.1,"20120821":920.89,"20120822":907.97,"20120913":748.25,"20120914":766.0,"20120911":749.9,"20120912":742.15,"20120719":718.23,"20120917":763.9,"20120918":761.5,"20120717":670.97,"20120718":700.2,"20120910":771.75,"20120830":773.01,"20120831":786.62,"20120809":867.05,"20120803":732.14,"20120726":706.98,"20120924":826.6,"20120727":707.23,"20120925":820.8,"20120801":730.71,"20120724":716.12,"20120802":727.47,"20120725":720.34,"20120807":790.94,"20120808":815.26,"20120806":756.7,"20120920":760.75,"20120723":709.29,"20120921":780.1,"20120720":701.92},"anncStocks":{"20120418":695.68,"20120419":688.9,"20120416":654.02,"20120417":660.16,"20120410":700.25,"20120531":644.29,"20120411":678.78,"20120530":652.0,"20120412":675.73,"20120413":664.48,"20120507":707.62,"20120504":691.26,"20120427":731.01,"20120428":724.13,"20120508":704.43,"20120509":711.99,"20120420":691.36,"20120502":725.31,"20120425":685.85,"20120503":736.36,"20120426":690.08,"20120423":692.14,"20120424":687.87,"20120517":692.05,"20120518":673.87,"20120515":704.43,"20120516":697.2,"20120510":706.24,"20120430":719.51,"20120514":702.12,"20120511":696.66,"20120330":600.71,"20120528":661.83,"20120529":657.61,"20120328":598.55,"20120329":592.11,"20120604":624.93,"20120409":696.22,"20120521":687.87,"20120403":655.15,"20120326":587.45,"20120524":670.18,"20120601":641.79,"20120404":691.65,"20120327":587.5,"20120525":663.99,"20120522":677.9,"20120402":625.03,"20120523":651.71},"recordStocks":{"20120814":924.72,"20120813":896.18,"20120816":899.96,"20120817":881.2,"20120730":714.69,"20120810":884.98,"20120731":728.4,"20120908":788.0,"20120903":784.61,"20120823":869.11,"20120824":810.06,"20120906":783.75,"20120829":754.05,"20120907":781.45,"20120904":792.66,"20120827":780.23,"20120905":789.86,"20120828":782.1,"20120821":920.89,"20120822":907.97,"20120913":748.25,"20120914":766.0,"20120911":749.9,"20120912":742.15,"20120719":718.23,"20120917":763.9,"20120918":761.5,"20120910":771.75,"20120830":773.01,"20120831":786.62,"20120809":867.05,"20120803":732.14,"20120726":706.98,"20120924":826.6,"20120727":707.23,"20120925":820.8,"20120801":730.71,"20120724":716.12,"20120802":727.47,"20120725":720.34,"20120807":790.94,"20120808":815.26,"20120926":836.65,"20120806":756.7,"20120927":851.65,"20120920":760.75,"20120723":709.29,"20120921":780.1,"20120720":701.92}}}