{"prime":"sa","number_set":{"balancesheet":[["Share Capital",{"2008-03-31":1.18,"2016-03-31":9.04,"2014-03-31":3.01,"2011-03-31":1.36,"2015-03-31":9.04,"2013-03-31":1.51,"2006-03-31":1.12,"2012-03-31":1.43,"2017-03-31":11.74,"2010-03-31":1.29,"2009-03-31":1.24,"2007-03-31":1.12}],["Reserves",{"2008-03-31":2.77,"2016-03-31":3.36,"2014-03-31":6.44,"2011-03-31":4.44,"2015-03-31":7.81,"2013-03-31":6.7,"2006-03-31":2.17,"2012-03-31":5.15,"2017-03-31":18.12,"2010-03-31":3.87,"2009-03-31":3.34,"2007-03-31":2.54}],["Borrowings",{"2008-03-31":11.11,"2016-03-31":43.89,"2014-03-31":30.56,"2011-03-31":9.18,"2015-03-31":47.86,"2013-03-31":16.58,"2006-03-31":4.35,"2012-03-31":11.48,"2017-03-31":37.25,"2010-03-31":9.69,"2009-03-31":8.72,"2007-03-31":5.73}],["Other Liabilities",{"2008-03-31":3.85,"2016-03-31":29.24,"2014-03-31":12.29,"2011-03-31":9.26,"2015-03-31":18.79,"2013-03-31":9.91,"2006-03-31":3.72,"2012-03-31":7.98,"2017-03-31":27.85,"2010-03-31":8.64,"2009-03-31":5.47,"2007-03-31":6.25}],["Total Liabilities",{"2008-03-31":18.91,"2016-03-31":85.53,"2014-03-31":52.3,"2011-03-31":24.24,"2015-03-31":83.5,"2013-03-31":34.7,"2006-03-31":11.36,"2012-03-31":26.04,"2017-03-31":94.96,"2010-03-31":23.49,"2009-03-31":18.77,"2007-03-31":15.64}],["Fixed Assets",{"2008-03-31":8.63,"2016-03-31":39.68,"2014-03-31":9.13,"2011-03-31":10.41,"2015-03-31":42.27,"2013-03-31":9.5,"2006-03-31":2.45,"2012-03-31":9.42,"2017-03-31":44.27,"2010-03-31":9.7,"2009-03-31":7.97,"2007-03-31":6.63}],["CWIP",{"2008-03-31":0.0,"2016-03-31":9.84,"2014-03-31":8.73,"2011-03-31":0.0,"2015-03-31":0.22,"2013-03-31":0.04,"2006-03-31":1.24,"2012-03-31":0.0,"2017-03-31":0.67,"2010-03-31":0.07,"2009-03-31":0.02,"2007-03-31":0.0}],["Investments",{"2008-03-31":0.17,"2016-03-31":0.06,"2014-03-31":0.3,"2011-03-31":0.17,"2015-03-31":0.06,"2013-03-31":0.3,"2006-03-31":1.82,"2012-03-31":0.21,"2017-03-31":0.06,"2010-03-31":0.2,"2009-03-31":0.2,"2007-03-31":1.82}],["Other Assets",{"2008-03-31":10.11,"2016-03-31":35.95,"2014-03-31":34.14,"2011-03-31":13.66,"2015-03-31":40.95,"2013-03-31":24.86,"2006-03-31":5.85,"2012-03-31":16.41,"2017-03-31":49.96,"2010-03-31":13.52,"2009-03-31":10.58,"2007-03-31":7.19}],["Total Assets",{"2008-03-31":18.91,"2016-03-31":85.53,"2014-03-31":52.3,"2011-03-31":24.24,"2015-03-31":83.5,"2013-03-31":34.7,"2006-03-31":11.36,"2012-03-31":26.04,"2017-03-31":94.96,"2010-03-31":23.49,"2009-03-31":18.77,"2007-03-31":15.64}]],"annual":[["Sales",{"2008-03-31":18.44,"2016-03-31":99.64,"2014-03-31":67.31,"2011-03-31":34.84,"2015-03-31":76.85,"2013-03-31":56.03,"2006-03-31":10.69,"2012-03-31":41.57,"2017-03-31":113.36,"2010-03-31":30.79,"2009-03-31":26.61,"2007-03-31":0.0}],["Expenses",{"2008-03-31":15.8,"2016-03-31":91.16,"2014-03-31":61.15,"2011-03-31":31.14,"2015-03-31":67.55,"2013-03-31":50.2,"2012-03-31":37.33,"2017-03-31":99.46,"2010-03-31":27.45,"2009-03-31":23.68}],["Operating Profit",{"2008-03-31":2.64,"2016-03-31":8.48,"2014-03-31":6.16,"2011-03-31":3.7,"2015-03-31":9.3,"2013-03-31":5.83,"2012-03-31":4.24,"2017-03-31":13.9,"2010-03-31":3.34,"2009-03-31":2.93}],["OPM",{"2008-03-31":14.32,"2016-03-31":8.51,"2014-03-31":9.15,"2011-03-31":10.62,"2015-03-31":12.1,"2013-03-31":10.41,"2012-03-31":10.2,"2017-03-31":12.26,"2010-03-31":10.85,"2009-03-31":11.01,"2007-03-31":"--"}],["Other Income",{"2008-03-31":0.29,"2016-03-31":0.47,"2014-03-31":0.28,"2011-03-31":0.14,"2015-03-31":0.3,"2013-03-31":0.14,"2006-03-31":0.24,"2012-03-31":0.23,"2017-03-31":0.65,"2010-03-31":0.12,"2009-03-31":0.36,"2007-03-31":0.15}],["Interest",{"2008-03-31":1.03,"2016-03-31":6.73,"2014-03-31":2.99,"2011-03-31":1.42,"2015-03-31":5.36,"2013-03-31":2.13,"2006-03-31":0.37,"2012-03-31":1.87,"2017-03-31":5.78,"2010-03-31":1.31,"2009-03-31":1.26,"2007-03-31":0.54}],["Depreciation",{"2008-03-31":0.94,"2016-03-31":5.64,"2014-03-31":1.32,"2011-03-31":1.36,"2015-03-31":3.88,"2013-03-31":1.29,"2006-03-31":0.33,"2012-03-31":1.37,"2017-03-31":6.77,"2010-03-31":1.22,"2009-03-31":1.15,"2007-03-31":0.39}],["Profit before tax",{"2008-03-31":0.96,"2016-03-31":-3.42,"2014-03-31":2.13,"2011-03-31":1.06,"2015-03-31":0.36,"2013-03-31":2.54,"2006-03-31":-0.49,"2012-03-31":1.23,"2017-03-31":1.99,"2010-03-31":0.93,"2009-03-31":0.88,"2007-03-31":0.82}],["Tax",{"2008-03-31":0.62,"2016-03-31":1.03,"2014-03-31":0.88,"2011-03-31":0.44,"2015-03-31":0.28,"2013-03-31":0.86,"2006-03-31":-0.21,"2012-03-31":0.44,"2017-03-31":0.73,"2010-03-31":0.27,"2009-03-31":0.17,"2007-03-31":0.32}],["Net Profit",{"2008-03-31":0.34,"2016-03-31":-4.45,"2014-03-31":1.25,"2011-03-31":0.62,"2015-03-31":0.08,"2013-03-31":1.68,"2006-03-31":-0.28,"2012-03-31":0.79,"2017-03-31":1.26,"2010-03-31":0.66,"2009-03-31":0.71,"2007-03-31":0.5}],["EPS (unadj)",{"2008-03-31":2.63,"2016-03-31":0.0,"2014-03-31":4.14,"2011-03-31":4.34,"2015-03-31":0.09,"2013-03-31":10.83,"2006-03-31":0.0,"2012-03-31":5.26,"2017-03-31":1.07,"2010-03-31":4.88,"2009-03-31":5.48,"2007-03-31":4.29}],["Dividend Payout",{"2008-03-31":48.61,"2016-03-31":-0.0,"2014-03-31":0.0,"2011-03-31":30.73,"2015-03-31":0.0,"2013-03-31":17.94,"2006-03-31":-0.0,"2012-03-31":29.0,"2017-03-31":0.0,"2010-03-31":27.43,"2009-03-31":24.39,"2007-03-31":22.4}]],"cashflow":[["Cash from Operating Activity",{"2008-03-31":-1.9,"2016-03-31":20.89,"2014-03-31":-2.46,"2011-03-31":2.46,"2015-03-31":14.22,"2013-03-31":-0.94,"2006-03-31":0.59,"2012-03-31":1.61,"2017-03-31":3.43,"2010-03-31":2.6,"2009-03-31":1.65}],["Cash from Investing Activity",{"2008-03-31":-1.03,"2016-03-31":-12.9,"2014-03-31":-9.47,"2011-03-31":-1.86,"2015-03-31":-28.1,"2013-03-31":-1.42,"2006-03-31":-1.32,"2012-03-31":-0.34,"2017-03-31":-2.44,"2010-03-31":-2.91,"2009-03-31":-0.44}],["Cash from Financing Activity",{"2008-03-31":4.82,"2016-03-31":-6.98,"2014-03-31":12.27,"2011-03-31":-0.49,"2015-03-31":12.97,"2013-03-31":3.66,"2006-03-31":0.77,"2012-03-31":-2.27,"2017-03-31":3.59,"2010-03-31":0.48,"2009-03-31":-2.33}],["Net Cash Flow",{"2008-03-31":1.89,"2016-03-31":1.01,"2014-03-31":0.34,"2011-03-31":0.11,"2015-03-31":-0.9,"2013-03-31":1.3,"2006-03-31":0.04,"2012-03-31":-1.0,"2017-03-31":4.58,"2010-03-31":0.17,"2009-03-31":-1.12}]],"quarters":[["Sales",{"2016-06-30":29.15,"2016-12-31":29.25,"2017-03-31":26.49,"2017-06-30":24.77,"2015-06-30":22.96,"2015-03-31":20.74,"2017-09-30":29.25,"2015-12-31":24.54,"2016-03-31":25.34,"2017-12-31":27.36,"2016-09-30":32.03,"2015-09-30":26.8}],["Expenses",{"2016-06-30":25.95,"2016-12-31":25.43,"2017-03-31":24.12,"2017-06-30":22.55,"2015-06-30":19.78,"2015-03-31":18.15,"2017-09-30":26.26,"2015-12-31":22.97,"2016-03-31":24.3,"2017-12-31":24.22,"2016-09-30":27.52,"2015-09-30":24.12}],["Operating Profit",{"2016-06-30":3.2,"2016-12-31":3.82,"2017-03-31":2.37,"2017-06-30":2.22,"2015-06-30":3.18,"2015-03-31":2.59,"2017-09-30":2.99,"2015-12-31":1.57,"2016-03-31":1.04,"2017-12-31":3.14,"2016-09-30":4.51,"2015-09-30":2.68}],["OPM",{"2016-06-30":10.98,"2016-12-31":13.06,"2017-03-31":8.95,"2017-06-30":8.96,"2015-06-30":13.85,"2015-03-31":12.49,"2017-09-30":10.22,"2015-12-31":6.4,"2016-03-31":4.1,"2017-12-31":11.48,"2016-09-30":14.08,"2015-09-30":10.0}],["Other Income",{"2016-06-30":0.04,"2016-12-31":0.02,"2017-03-31":0.48,"2017-06-30":0.07,"2015-06-30":0.02,"2015-03-31":0.13,"2017-09-30":0.06,"2015-12-31":0.09,"2016-03-31":0.27,"2017-12-31":0.09,"2016-09-30":0.1,"2015-09-30":0.09}],["Depreciation",{"2016-06-30":1.52,"2016-12-31":1.7,"2017-03-31":1.85,"2017-06-30":1.44,"2015-06-30":1.5,"2015-03-31":1.87,"2017-09-30":1.49,"2015-12-31":1.57,"2016-03-31":1.37,"2017-12-31":1.64,"2016-09-30":1.7,"2015-09-30":1.2}],["Interest",{"2016-06-30":1.34,"2016-12-31":1.35,"2017-03-31":1.33,"2017-06-30":1.54,"2015-06-30":1.47,"2015-03-31":2.25,"2017-09-30":1.15,"2015-12-31":1.48,"2016-03-31":2.1,"2017-12-31":0.95,"2016-09-30":1.79,"2015-09-30":1.68}],["Profit before tax",{"2016-06-30":0.38,"2016-12-31":0.8,"2017-03-31":-0.32,"2017-06-30":-0.7,"2015-06-30":0.23,"2015-03-31":-1.4,"2017-09-30":0.41,"2015-12-31":-1.47,"2016-03-31":-2.16,"2017-12-31":0.64,"2016-09-30":1.11,"2015-09-30":-0.11}],["Tax",{"2016-06-30":0.07,"2016-12-31":0.15,"2017-03-31":0.29,"2017-06-30":0.0,"2015-06-30":0.05,"2015-03-31":-0.22,"2017-09-30":0.0,"2015-12-31":0.0,"2016-03-31":-0.04,"2017-12-31":0.0,"2016-09-30":0.21,"2015-09-30":0.0}],["Net Profit",{"2016-06-30":0.31,"2016-12-31":0.64,"2017-03-31":-0.61,"2017-06-30":-0.7,"2015-06-30":0.18,"2015-03-31":-1.18,"2017-09-30":0.41,"2015-12-31":-1.38,"2016-03-31":-2.12,"2017-12-31":0.64,"2016-09-30":0.9,"2015-09-30":-0.11}]]},"bse_code":"537536","short_name":"Denis Chem Lab","nse_code":"","companyrating_set":[{"rating__rating":"CARE BB+","instrument":"Bank FacilitiesFund Based - LT","rating__source":"care","link":"http://google.com/search?btnI\u003d1\u0026q\u003dDenis Chem Lab Ltd+site:careratings.com"},{"rating__rating":"CARE BB+ / CARE A4","instrument":"Bank FacilitiesFund Based - LT/ ST","rating__source":"care","link":"http://google.com/search?btnI\u003d1\u0026q\u003dDenis Chem Lab Ltd+site:careratings.com"},{"rating__rating":"CARE BB+ / CARE A4","instrument":"Bank FacilitiesNon-Fund Based - LT/ ST","rating__source":"care","link":"http://google.com/search?btnI\u003d1\u0026q\u003dDenis Chem Lab Ltd+site:careratings.com"},{"rating__rating":"CARE A4","instrument":"Bank FacilitiesNon-Fund Based - ST","rating__source":"care","link":"http://google.com/search?btnI\u003d1\u0026q\u003dDenis Chem Lab Ltd+site:careratings.com"}],"annualreport_set":[{"source":"bse","report_date":2017,"link":"http://www.bseindia.com/bseplus/AnnualReport/537536/5375360317.pdf"},{"source":"bse","report_date":2016,"link":"http://www.bseindia.com/bseplus/AnnualReport/537536/5375360316.pdf"},{"source":"bse","report_date":2015,"link":"http://www.bseindia.com/bseplus/AnnualReport/537536/5375360315.pdf"},{"source":"bse","report_date":2014,"link":"http://www.bseindia.com/bseplus/AnnualReport/537536/5375360314.pdf"}],"announcement_set":[{"ann_date":"19 Apr 2018","announcement":"Compliances - PCS Certificate In Terms Of Reg. 40(9) Of SEBI (LODR) Regulations 2015 For Half Year Ended On 31St March, 2018","link":"https://www.bseindia.com/corporates/anndet_new.aspx?newsid\u003d0ec9c3fa-d5b9-4907-ba04-b80382f799f7"},{"ann_date":"14 Apr 2018","announcement":"Shareholding for the Period Ended March 31, 2018","link":"https://www.bseindia.com/corporates/anndet_new.aspx?newsid\u003dd44aa59b-00cc-4d8e-83dd-ab496c74c990"},{"ann_date":"07 Apr 2018","announcement":"Compliances-Compliance Certificate For The Half Year Ended March, 2018","link":"https://www.bseindia.com/corporates/anndet_new.aspx?newsid\u003ddafab6aa-8d93-4610-9ffc-91e493e9f7cf"},{"ann_date":"06 Apr 2018","announcement":"Statement Of Investor Complaints For The Quarter Ended March 2018","link":"https://www.bseindia.com/corporates/anndet_new.aspx?newsid\u003d1fd2bfeb-9a5a-415d-a606-7272a2266d90"},{"ann_date":"14 Feb 2018","announcement":"Compliances","link":"https://www.bseindia.com/corporates/anndet_new.aspx?newsid\u003d571776cd-a0d2-47f7-bcf6-8556d3a7c7ff"}],"warehouse_set":{"high_price":152.47,"low_price":77.0,"sales_growth":-6.82,"current_price":95.0,"dividend_yield":0.0,"face_value":10.0,"id":1725099,"sales_growth_3years":18.97,"profit_growth_5years":9.79,"average_return_on_equity_3years":-3.2,"book_value":23.0,"status":"Active","sales_growth_10years":22.36,"average_return_on_equity_10years":4.3,"profit_growth":3.7,"market_capitalization":124.76,"profit_growth_10years":16.05,"price_to_earning":99.01,"industry":"Pharmaceuticals","analysis":{"remarks":[],"bad":["Stock is trading at 4.13 times its book value","Company has low interest coverage ratio.","Promoter\u0027s stake has decreased","Company has a low return on equity of -3.20% for last 3 years."],"good":[]},"result_type":"sa","profit_growth_3years":0.27,"sales_growth_5years":22.22,"return_on_equity":5.96,"average_return_on_equity_5years":1.71},"id":811692,"name":"Denis Chem Lab Ltd","screenerStockPrice":{"prices":[25.67,25.49,26.0,18.11,24.44,25.56,32.25,26.79,27.93,27.93,21.28,24.99,25.56,24.75,19.24,21.28,21.14,23.99,25.22,22.66,24.46,25.41,24.46,22.42,23.61,23.18,24.7,30.97,30.35,26.08,25.6,27.27,28.83,28.12,31.02,37.29,39.71,39.38,36.62,34.06,37.48,37.34,35.15,35.29,41.18,37.29,36.53,38.24,33.96,35.48,35.2,32.63,32.25,28.93,33.25,35.34,35.39,33.73,33.73,34.49,31.73,28.74,27.93,28.17,25.65,25.46,27.6,24.8,26.6,31.4,32.3,29.93,30.4,30.54,28.64,28.5,27.17,30.54,32.16,39.19,55.77,57.62,53.77,58.85,74.1,72.11,72.11,100.84,94.43,94.43,94.43,125.59,109.92,100.42,113.48,96.33,84.27,76.86,81.61,86.45,90.16,94.95,89.3,94.34,96.81,96.14,91.68,85.5,89.06,87.88,80.42,85.31,78.85,80.47,79.8,79.71,88.35,87.54,90.16,90.2,89.35,87.4,86.45,89.25,106.97,98.8,97.57,87.45,99.56,104.07,120.98,136.56,128.77,113.76,114.0,127.11,126.49,122.93,122.69,130.91,161.6,191.85,170.91,177.84,181.74,170.38,155.14,160.93,167.2,161.5,145.73,140.79,140.32,158.37,158.65,148.77,140.7,142.5,139.46,134.9,133.48,132.38,128.49,125.4,125.88,123.64,118.13,115.0,119.56,118.18,115.57,114.62,132.34,121.6,111.95,114.45,108.9,104.8,121.6,134.8,113.8,116.0,128.6,116.85,117.0,130.7,123.65,117.95,112.0,111.95,112.15,108.85,106.95,94.6,92.25,98.2,99.55,96.7,92.35,90.0,84.0,81.4,79.8,90.4,90.85,95.0],"dates":["24 Feb 2014","04 Mar 2014","11 Mar 2014","19 Mar 2014","25 Mar 2014","01 Apr 2014","09 Apr 2014","17 Apr 2014","28 Apr 2014","06 May 2014","13 May 2014","20 May 2014","27 May 2014","03 Jun 2014","10 Jun 2014","17 Jun 2014","24 Jun 2014","01 Jul 2014","08 Jul 2014","15 Jul 2014","22 Jul 2014","30 Jul 2014","06 Aug 2014","13 Aug 2014","21 Aug 2014","28 Aug 2014","05 Sep 2014","12 Sep 2014","19 Sep 2014","26 Sep 2014","08 Oct 2014","16 Oct 2014","23 Oct 2014","31 Oct 2014","11 Nov 2014","18 Nov 2014","25 Nov 2014","02 Dec 2014","09 Dec 2014","16 Dec 2014","23 Dec 2014","31 Dec 2014","07 Jan 2015","14 Jan 2015","21 Jan 2015","29 Jan 2015","05 Feb 2015","12 Feb 2015","20 Feb 2015","27 Feb 2015","05 Mar 2015","13 Mar 2015","20 Mar 2015","27 Mar 2015","07 Apr 2015","15 Apr 2015","22 Apr 2015","29 Apr 2015","07 May 2015","14 May 2015","21 May 2015","28 May 2015","04 Jun 2015","11 Jun 2015","18 Jun 2015","25 Jun 2015","02 Jul 2015","09 Jul 2015","16 Jul 2015","23 Jul 2015","30 Jul 2015","06 Aug 2015","13 Aug 2015","20 Aug 2015","27 Aug 2015","03 Sep 2015","10 Sep 2015","21 Sep 2015","29 Sep 2015","07 Oct 2015","14 Oct 2015","21 Oct 2015","29 Oct 2015","05 Nov 2015","13 Nov 2015","20 Nov 2015","30 Nov 2015","07 Dec 2015","14 Dec 2015","21 Dec 2015","29 Dec 2015","05 Jan 2016","12 Jan 2016","19 Jan 2016","27 Jan 2016","03 Feb 2016","10 Feb 2016","17 Feb 2016","24 Feb 2016","02 Mar 2016","10 Mar 2016","17 Mar 2016","28 Mar 2016","04 Apr 2016","11 Apr 2016","21 Apr 2016","28 Apr 2016","05 May 2016","12 May 2016","19 May 2016","27 May 2016","03 Jun 2016","10 Jun 2016","17 Jun 2016","24 Jun 2016","01 Jul 2016","11 Jul 2016","18 Jul 2016","25 Jul 2016","01 Aug 2016","08 Aug 2016","16 Aug 2016","24 Aug 2016","31 Aug 2016","08 Sep 2016","16 Sep 2016","23 Sep 2016","30 Sep 2016","07 Oct 2016","18 Oct 2016","25 Oct 2016","01 Nov 2016","08 Nov 2016","16 Nov 2016","23 Nov 2016","30 Nov 2016","07 Dec 2016","14 Dec 2016","22 Dec 2016","29 Dec 2016","05 Jan 2017","12 Jan 2017","19 Jan 2017","27 Jan 2017","03 Feb 2017","10 Feb 2017","17 Feb 2017","27 Feb 2017","06 Mar 2017","14 Mar 2017","21 Mar 2017","28 Mar 2017","05 Apr 2017","12 Apr 2017","20 Apr 2017","27 Apr 2017","05 May 2017","12 May 2017","19 May 2017","26 May 2017","02 Jun 2017","09 Jun 2017","16 Jun 2017","23 Jun 2017","03 Jul 2017","10 Jul 2017","17 Jul 2017","24 Jul 2017","31 Jul 2017","07 Aug 2017","14 Aug 2017","22 Aug 2017","30 Aug 2017","06 Sep 2017","13 Sep 2017","20 Sep 2017","27 Sep 2017","05 Oct 2017","12 Oct 2017","19 Oct 2017","27 Oct 2017","03 Nov 2017","10 Nov 2017","17 Nov 2017","24 Nov 2017","01 Dec 2017","08 Dec 2017","15 Dec 2017","22 Dec 2017","01 Jan 2018","08 Jan 2018","15 Jan 2018","22 Jan 2018","30 Jan 2018","06 Feb 2018","14 Feb 2018","21 Feb 2018","28 Feb 2018","08 Mar 2018","15 Mar 2018","22 Mar 2018","02 Apr 2018","09 Apr 2018","16 Apr 2018","23 Apr 2018","30 Apr 2018"],"id":"811692"},"stockPricesEventDays":{"exRightsStocks":{"20140302":24.23,"20140225":24.23,"20140303":24.23,"20140226":24.23,"20140223":24.23,"20140301":24.23,"20140224":24.23,"20140221":24.23,"20140222":24.23,"20140220":24.23,"20140306":25.79,"20140307":26.02,"20140304":25.44,"20140227":24.23,"20140305":25.79,"20140228":24.23,"20140214":24.23,"20140215":24.23,"20140212":24.23,"20140410":30.59,"20140213":24.23,"20140411":29.08,"20140210":24.23,"20140331":24.29,"20140211":24.23,"20140218":24.23,"20140219":24.23,"20140216":24.23,"20140217":24.23,"20140415":27.66,"20140324":22.19,"20140401":25.48,"20140325":24.4,"20140204":24.23,"20140402":26.71,"20140322":20.19,"20140320":16.75,"20140321":18.35,"20140409":32.15,"20140209":24.23,"20140407":30.64,"20140207":24.23,"20140328":23.16,"20140208":24.23,"20140326":25.6,"20140205":24.23,"20140403":28.03,"20140206":24.23,"20140327":24.34,"20140404":29.41,"20140313":20.77,"20140314":20.42,"20140311":25.95,"20140312":23.09,"20140310":25.68,"20140319":18.07,"20140318":20.02},"anncStocks":{"20140302":24.23,"20140225":24.23,"20140303":24.23,"20140226":24.23,"20140223":24.23,"20140301":24.23,"20140224":24.23,"20140221":24.23,"20140222":24.23,"20140220":24.23,"20140306":25.79,"20140307":26.02,"20140304":25.44,"20140227":24.23,"20140305":25.79,"20140228":24.23,"20140214":24.23,"20140215":24.23,"20140212":24.23,"20140213":24.23,"20140210":24.23,"20140331":24.29,"20140211":24.23,"20140131":24.23,"20140218":24.23,"20140219":24.23,"20140216":24.23,"20140217":24.23,"20140130":24.23,"20140203":24.23,"20140324":22.19,"20140401":25.48,"20140204":24.23,"20140127":24.23,"20140325":24.4,"20140402":26.71,"20140201":24.23,"20140322":20.19,"20140202":24.23,"20140320":16.75,"20140321":18.35,"20140209":24.23,"20140407":30.64,"20140207":24.23,"20140328":23.16,"20140208":24.23,"20140205":24.23,"20140128":24.23,"20140326":25.6,"20140403":28.03,"20140206":24.23,"20140129":24.23,"20140327":24.34,"20140404":29.41,"20140313":20.77,"20140314":20.42,"20140311":25.95,"20140312":23.09,"20140310":25.68,"20140319":18.07,"20140318":20.02},"recordStocks":{"20140302":24.23,"20140225":24.23,"20140303":24.23,"20140226":24.23,"20140223":24.23,"20140301":24.23,"20140224":24.23,"20140221":24.23,"20140222":24.23,"20140220":24.23,"20140306":25.79,"20140307":26.02,"20140304":25.44,"20140227":24.23,"20140305":25.79,"20140228":24.23,"20140214":24.23,"20140215":24.23,"20140212":24.23,"20140410":30.59,"20140213":24.23,"20140411":29.08,"20140210":24.23,"20140331":24.29,"20140211":24.23,"20140218":24.23,"20140416":27.94,"20140219":24.23,"20140417":26.71,"20140216":24.23,"20140217":24.23,"20140415":27.66,"20140324":22.19,"20140401":25.48,"20140325":24.4,"20140402":26.71,"20140322":20.19,"20140320":16.75,"20140321":18.35,"20140409":32.15,"20140209":24.23,"20140407":30.64,"20140328":23.16,"20140207":24.23,"20140208":24.23,"20140326":25.6,"20140403":28.03,"20140327":24.34,"20140206":24.23,"20140404":29.41,"20140313":20.77,"20140314":20.42,"20140311":25.95,"20140312":23.09,"20140310":25.68,"20140319":18.07,"20140318":20.02}}}