{"prime":"con","number_set":{"balancesheet":[["Share Capital",{"2017-03-31":108.18,"2016-03-31":108.13,"2014-03-31":99.12,"2011-03-31":69.85,"2015-03-31":99.68,"2013-03-31":78.05,"2012-03-31":78.04,"2010-03-31":69.85,"2009-03-31":60.42}],["Reserves",{"2017-03-31":1895.55,"2016-03-31":1656.69,"2014-03-31":1694.28,"2011-03-31":841.75,"2015-03-31":1747.19,"2013-03-31":1350.9,"2012-03-31":1364.61,"2010-03-31":747.42,"2009-03-31":238.45}],["Borrowings",{"2017-03-31":3976.48,"2016-03-31":3122.95,"2014-03-31":2573.92,"2011-03-31":944.86,"2015-03-31":3486.47,"2013-03-31":1677.98,"2012-03-31":2087.19,"2010-03-31":709.58,"2009-03-31":656.34}],["Other Liabilities",{"2017-03-31":1198.88,"2016-03-31":1690.69,"2014-03-31":1780.93,"2011-03-31":361.11,"2015-03-31":2029.71,"2013-03-31":1571.91,"2012-03-31":1179.39,"2010-03-31":202.47,"2009-03-31":122.01}],["Total Liabilities",{"2017-03-31":7179.09,"2016-03-31":6578.46,"2014-03-31":6148.25,"2011-03-31":2217.57,"2015-03-31":7363.05,"2013-03-31":4678.84,"2012-03-31":4709.23,"2010-03-31":1729.32,"2009-03-31":1077.22}],["Fixed Assets",{"2017-03-31":102.06,"2016-03-31":106.69,"2014-03-31":63.74,"2011-03-31":46.08,"2015-03-31":117.25,"2013-03-31":50.55,"2012-03-31":45.5,"2010-03-31":27.61,"2009-03-31":35.95}],["CWIP",{"2017-03-31":0.03,"2016-03-31":0.53,"2014-03-31":61.79,"2011-03-31":1.38,"2015-03-31":72.51,"2013-03-31":35.58,"2012-03-31":19.49,"2010-03-31":0.22,"2009-03-31":3.25}],["Investments",{"2017-03-31":760.02,"2016-03-31":663.94,"2014-03-31":0.0,"2011-03-31":0.0,"2015-03-31":0.0,"2013-03-31":0.0,"2012-03-31":0.0,"2010-03-31":207.81,"2009-03-31":0.0}],["Other Assets",{"2017-03-31":6316.98,"2016-03-31":5807.3,"2014-03-31":6022.72,"2011-03-31":2170.11,"2015-03-31":7173.29,"2013-03-31":4592.71,"2012-03-31":4644.24,"2010-03-31":1493.68,"2009-03-31":1038.02}],["Total Assets",{"2017-03-31":7179.09,"2016-03-31":6578.46,"2014-03-31":6148.25,"2011-03-31":2217.57,"2015-03-31":7363.05,"2013-03-31":4678.84,"2012-03-31":4709.23,"2010-03-31":1729.32,"2009-03-31":1077.22}]],"annual":[["Sales",{"2017-03-31":1582.93,"2016-03-31":2122.61,"2014-03-31":1179.21,"2011-03-31":451.5,"2015-03-31":1843.09,"2013-03-31":1037.12,"2012-03-31":770.05,"2010-03-31":242.7,"2009-03-31":205.26}],["Expenses",{"2017-03-31":1332.53,"2016-03-31":1985.97,"2014-03-31":896.59,"2011-03-31":346.45,"2015-03-31":1585.85,"2013-03-31":751.32,"2012-03-31":612.07,"2010-03-31":224.87,"2009-03-31":134.85}],["Operating Profit",{"2017-03-31":250.4,"2016-03-31":136.64,"2014-03-31":282.62,"2011-03-31":105.05,"2015-03-31":257.24,"2013-03-31":285.8,"2012-03-31":157.98,"2010-03-31":17.83,"2009-03-31":70.41}],["OPM",{"2017-03-31":15.82,"2016-03-31":6.44,"2014-03-31":23.97,"2011-03-31":23.27,"2015-03-31":13.96,"2013-03-31":27.56,"2012-03-31":20.52,"2010-03-31":7.35,"2009-03-31":34.3}],["Other Income",{"2017-03-31":150.13,"2016-03-31":145.79,"2014-03-31":75.01,"2011-03-31":107.41,"2015-03-31":83.47,"2013-03-31":10.45,"2012-03-31":49.76,"2010-03-31":147.69,"2009-03-31":92.37}],["Interest",{"2017-03-31":101.53,"2016-03-31":40.57,"2014-03-31":4.48,"2011-03-31":4.43,"2015-03-31":4.73,"2013-03-31":3.0,"2012-03-31":5.31,"2010-03-31":0.55,"2009-03-31":52.7}],["Depreciation",{"2017-03-31":14.5,"2016-03-31":14.19,"2014-03-31":5.77,"2011-03-31":3.97,"2015-03-31":10.01,"2013-03-31":4.39,"2012-03-31":3.88,"2010-03-31":2.6,"2009-03-31":1.15}],["Profit before tax",{"2017-03-31":284.5,"2016-03-31":227.67,"2014-03-31":347.38,"2011-03-31":204.06,"2015-03-31":325.97,"2013-03-31":288.86,"2012-03-31":198.55,"2010-03-31":162.37,"2009-03-31":108.93}],["Tax",{"2017-03-31":77.7,"2016-03-31":67.91,"2014-03-31":111.09,"2011-03-31":61.38,"2015-03-31":90.39,"2013-03-31":91.57,"2012-03-31":69.76,"2010-03-31":38.4,"2009-03-31":33.31}],["Net Profit",{"2017-03-31":206.8,"2016-03-31":158.56,"2014-03-31":159.44,"2011-03-31":130.86,"2015-03-31":190.91,"2013-03-31":138.43,"2012-03-31":97.93,"2010-03-31":122.81,"2009-03-31":74.68}],["EPS (unadj)",{"2017-03-31":9.56,"2016-03-31":7.33,"2014-03-31":7.7,"2011-03-31":18.0,"2015-03-31":9.17,"2013-03-31":17.06,"2012-03-31":12.06,"2010-03-31":16.92,"2009-03-31":11.93}],["Dividend Payout",{"2017-03-31":0.0,"2016-03-31":30.01,"2014-03-31":24.87,"2011-03-31":24.02,"2015-03-31":20.89,"2013-03-31":22.55,"2012-03-31":23.91,"2010-03-31":22.75,"2009-03-31":20.23}]],"cashflow":[["Cash from Operating Activity",{"2017-03-31":-566.29,"2016-03-31":489.79,"2014-03-31":-688.82,"2011-03-31":-444.72,"2015-03-31":-940.75,"2013-03-31":121.38,"2012-03-31":-1226.37,"2010-03-31":-342.38,"2009-03-31":-371.7}],["Cash from Investing Activity",{"2017-03-31":14.11,"2016-03-31":190.64,"2014-03-31":-184.99,"2011-03-31":80.65,"2015-03-31":-96.06,"2013-03-31":-14.77,"2012-03-31":28.06,"2010-03-31":12.93,"2009-03-31":86.91}],["Cash from Financing Activity",{"2017-03-31":334.74,"2016-03-31":-554.36,"2014-03-31":1566.3,"2011-03-31":198.47,"2015-03-31":852.38,"2013-03-31":-442.41,"2012-03-31":1564.09,"2010-03-31":398.08,"2009-03-31":303.03}],["Net Cash Flow",{"2017-03-31":-217.44,"2016-03-31":126.07,"2014-03-31":692.49,"2011-03-31":-165.6,"2015-03-31":-184.43,"2013-03-31":-335.8,"2012-03-31":365.78,"2010-03-31":68.63,"2009-03-31":18.24}]],"quarters":[["Sales",{"2016-06-30":303.84,"2016-12-31":518.25,"2017-03-31":431.28,"2017-06-30":248.65,"2015-06-30":199.16,"2015-03-31":697.99,"2017-09-30":492.32,"2015-12-31":247.25,"2016-03-31":361.66,"2017-12-31":627.03,"2016-09-30":329.56,"2015-09-30":1314.55}],["Expenses",{"2016-06-30":264.09,"2016-12-31":397.59,"2017-03-31":364.86,"2017-06-30":267.11,"2015-06-30":162.44,"2015-03-31":605.79,"2017-09-30":420.78,"2015-12-31":241.24,"2016-03-31":392.11,"2017-12-31":585.19,"2016-09-30":306.01,"2015-09-30":1190.18}],["Operating Profit",{"2016-06-30":39.75,"2016-12-31":120.66,"2017-03-31":66.42,"2017-06-30":-18.46,"2015-06-30":36.72,"2015-03-31":92.2,"2017-09-30":71.54,"2015-12-31":6.01,"2016-03-31":-30.45,"2017-12-31":41.84,"2016-09-30":23.55,"2015-09-30":124.37}],["OPM",{"2016-06-30":13.08,"2016-12-31":23.28,"2017-03-31":15.4,"2017-06-30":-7.42,"2015-06-30":18.44,"2015-03-31":13.21,"2017-09-30":14.53,"2015-12-31":2.43,"2016-03-31":-8.42,"2017-12-31":6.67,"2016-09-30":7.15,"2015-09-30":9.46}],["Other Income",{"2016-06-30":31.5,"2016-12-31":36.25,"2017-03-31":43.95,"2017-06-30":96.38,"2015-06-30":31.14,"2015-03-31":20.09,"2017-09-30":43.76,"2015-12-31":34.77,"2016-03-31":30.64,"2017-12-31":47.28,"2016-09-30":38.43,"2015-09-30":35.48}],["Depreciation",{"2016-06-30":3.38,"2016-12-31":3.65,"2017-03-31":4.03,"2017-06-30":3.57,"2015-06-30":3.12,"2015-03-31":3.08,"2017-09-30":4.04,"2015-12-31":3.63,"2016-03-31":4.19,"2017-12-31":4.22,"2016-09-30":3.44,"2015-09-30":3.25}],["Interest",{"2016-06-30":13.75,"2016-12-31":35.52,"2017-03-31":24.82,"2017-06-30":31.5,"2015-06-30":10.04,"2015-03-31":2.16,"2017-09-30":40.22,"2015-12-31":12.91,"2016-03-31":7.44,"2017-12-31":37.75,"2016-09-30":27.44,"2015-09-30":10.18}],["Profit before tax",{"2016-06-30":54.12,"2016-12-31":117.74,"2017-03-31":81.52,"2017-06-30":42.85,"2015-06-30":54.7,"2015-03-31":107.05,"2017-09-30":71.04,"2015-12-31":24.24,"2016-03-31":-11.45,"2017-12-31":47.15,"2016-09-30":31.1,"2015-09-30":146.42}],["Tax",{"2016-06-30":10.65,"2016-12-31":40.5,"2017-03-31":18.93,"2017-06-30":19.48,"2015-06-30":11.75,"2015-03-31":35.95,"2017-09-30":26.88,"2015-12-31":6.82,"2016-03-31":-0.7,"2017-12-31":21.21,"2016-09-30":7.62,"2015-09-30":50.04}],["Net Profit",{"2016-06-30":43.47,"2016-12-31":77.24,"2017-03-31":62.59,"2017-06-30":23.37,"2015-06-30":39.82,"2015-03-31":51.44,"2017-09-30":44.16,"2015-12-31":27.06,"2016-03-31":-10.74,"2017-12-31":25.94,"2016-09-30":23.48,"2015-09-30":103.91}]]},"bse_code":"533150","short_name":"Godrej Propert.","nse_code":"GODREJPROP","companyrating_set":[{"rating__rating":"[ICRA]AA- (Stable)","instrument":"Bank Loan Rating-Long Term","rating__source":"icra","link":"http://icra.in/search.aspx?word\u003dGodrej Properties Ltd"},{"rating__rating":"MAA (Stable)","instrument":"Bank Loan Rating-Medium Term","rating__source":"icra","link":"http://icra.in/search.aspx?word\u003dGodrej Properties Ltd"},{"rating__rating":"[ICRA]A1+","instrument":"Bank Loan Rating-Short Term","rating__source":"icra","link":"http://icra.in/search.aspx?word\u003dGodrej Properties Ltd"},{"rating__rating":"[ICRA]AA- (Stable)","instrument":"Corporate Debt Rating-Long Term","rating__source":"icra","link":"http://icra.in/search.aspx?word\u003dGodrej Properties Ltd"},{"rating__rating":"MAA (Stable)","instrument":"Corporate Debt Rating-Medium Term","rating__source":"icra","link":"http://icra.in/search.aspx?word\u003dGodrej Properties Ltd"},{"rating__rating":"[ICRA]A1+","instrument":"Corporate Debt Rating-Short Term","rating__source":"icra","link":"http://icra.in/search.aspx?word\u003dGodrej Properties Ltd"}],"annualreport_set":[{"source":"bse","report_date":2017,"link":"http://www.bseindia.com/bseplus/AnnualReport/533150/5331500317.pdf"},{"source":"bse","report_date":2016,"link":"http://www.bseindia.com/bseplus/AnnualReport/533150/5331500316.pdf"},{"source":"bse","report_date":2015,"link":"http://www.bseindia.com/bseplus/AnnualReport/533150/5331500315.pdf"},{"source":"bse","report_date":2014,"link":"http://www.bseindia.com/bseplus/AnnualReport/533150/5331500314.pdf"},{"source":"bse","report_date":2013,"link":"http://www.bseindia.com/bseplus/annualreport/533150/5331500313.pdf"},{"source":"bse","report_date":2012,"link":"http://www.bseindia.com/bseplus/annualreport/533150/5331500312.PDF"},{"source":"nse","report_date":2012,"link":"http://nseindia.com/annual_reports/AR_GODREJPROP_2011_2012_03072012124532.zip"},{"source":"bse","report_date":2011,"link":"http://www.bseindia.com/bseplus/annualreport/533150/5331500311.pdf"},{"source":"nse","report_date":2011,"link":"http://nseindia.com/annual_reports/AR_GODREJPROP_2010_2011_15072011120506.zip"},{"source":"bse","report_date":2010,"link":"http://www.bseindia.com/bseplus/annualreport/533150/5331500310.pdf"},{"source":"nse","report_date":2010,"link":"http://nseindia.com/annual_reports/AR_GODREJPROP_2009_2010_18082010121500.zip"}],"announcement_set":[{"ann_date":"30 Apr 2018","announcement":"Disclosure Pursuant To Regulation 29(1)(D) Of The Securities And Exchange Board Of India (Listing Obligations And Disclosure Requirements) Regulations, 2015 (\u0027SEBI Listing Regulations\u0027)","link":"https://www.bseindia.com/corporates/anndet_new.aspx?newsid\u003dda6d22b3-507d-4e29-ab50-78848a1b41c6"},{"ann_date":"30 Apr 2018","announcement":"Announcement under Regulation 30 (LODR)-Analyst / Investor Meet - Intimation","link":"https://www.bseindia.com/corporates/anndet_new.aspx?newsid\u003d6f5985ba-02d1-42c9-855b-471cdec75e50"},{"ann_date":"26 Apr 2018","announcement":"Board Meeting Of Godrej Properties Limited","link":"https://www.bseindia.com/corporates/anndet_new.aspx?newsid\u003d356f9151-1819-4b3d-9c24-4813713e132f"},{"ann_date":"20 Apr 2018","announcement":"Shareholding for the Period Ended March 31, 2018","link":"https://www.bseindia.com/corporates/anndet_new.aspx?newsid\u003d43b17a81-21ae-41c0-895d-6596ee1c8a48"},{"ann_date":"11 Apr 2018","announcement":"Certificate From Practicing Company Secretary Pursuant To Regulation 40(9) Of The SEBI (Listing Obligations And Disclosure Requirements) Regulations, 2015","link":"https://www.bseindia.com/corporates/anndet_new.aspx?newsid\u003dc73bdac7-d564-4336-9258-5595eed89e76"}],"warehouse_set":{"high_price":911.85,"low_price":452.0,"sales_growth":18.9,"current_price":805.25,"dividend_yield":0.0,"face_value":5.0,"id":6599862,"sales_growth_3years":10.31,"profit_growth_5years":21.34,"average_return_on_equity_3years":8.49,"book_value":97.18,"status":"Active","pair_url":"/company/GODREJPROP/","profit_growth":16.94,"market_capitalization":17380.91,"price_to_earning":111.35,"industry":"Realty","analysis":{"remarks":[],"bad":["Stock is trading at 8.29 times its book value","Company has a low return on equity of 8.49% for last 3 years.","Company might be capitalizing the interest cost","Earnings include an other income of Rs.231.37 Cr."],"good":[]},"result_type":"con","profit_growth_3years":17.07,"sales_growth_5years":15.5,"return_on_equity":10.26,"average_return_on_equity_5years":8.47},"id":98066,"name":"Godrej Properties Ltd","screenerStockPrice":{"prices":[248.3,238.52,223.08,221.87,241.15,232.46,242.12,236.87,232.13,243.0,243.33,256.31,288.73,299.58,301.9,355.81,352.0,361.66,335.67,345.82,327.68,333.26,312.45,313.96,280.84,285.44,278.33,262.81,269.25,281.7,276.12,310.63,318.79,319.16,325.31,312.52,306.29,319.72,359.89,378.54,335.23,320.06,335.25,308.38,288.92,308.73,315.21,299.67,315.56,295.26,289.71,297.09,306.41,305.41,305.92,310.8,283.53,281.39,278.82,266.32,275.19,267.27,252.69,251.27,235.11,238.31,246.74,240.63,259.59,278.28,276.56,280.65,289.1,301.74,312.35,306.66,289.78,292.22,284.13,259.93,252.57,245.86,259.4,287.57,273.54,268.23,260.96,247.56,244.12,247.72,213.04,214.3,194.35,195.2,191.48,184.25,184.18,180.28,166.4,163.0,167.55,162.05,155.2,155.85,167.1,178.55,202.65,212.0,213.25,219.55,243.45,241.1,241.6,229.75,234.8,224.8,224.2,234.1,241.5,240.7,240.15,249.2,250.65,255.6,249.6,254.45,274.3,287.05,299.5,270.15,245.4,273.1,241.9,241.9,255.8,250.15,250.8,254.15,273.6,261.4,332.35,294.5,314.85,320.4,346.1,346.45,316.95,336.0,329.85,337.85,325.3,301.4,279.15,271.5,276.75,294.95,322.5,341.6,324.25,329.95,329.15,335.25,377.4,368.2,378.25,363.65,355.4,337.45,351.9,364.65,358.5,301.95,299.3,295.85,322.75,336.5,372.8,360.7,366.85,394.2,401.95,448.8,531.55,517.2,490.25,552.3,519.5,503.65,522.45,497.4,539.7,653.05,618.9,632.85,674.45,695.8,722.85,706.8,704.45,724.45,822.2,780.2,766.2,745.2,741.4,729.15,780.0],"dates":["05 Jan 2010","19 Jan 2010","03 Feb 2010","17 Feb 2010","04 Mar 2010","18 Mar 2010","05 Apr 2010","20 Apr 2010","04 May 2010","18 May 2010","01 Jun 2010","15 Jun 2010","29 Jun 2010","13 Jul 2010","27 Jul 2010","10 Aug 2010","24 Aug 2010","07 Sep 2010","22 Sep 2010","06 Oct 2010","20 Oct 2010","03 Nov 2010","18 Nov 2010","02 Dec 2010","16 Dec 2010","31 Dec 2010","14 Jan 2011","31 Jan 2011","14 Feb 2011","28 Feb 2011","15 Mar 2011","29 Mar 2011","13 Apr 2011","29 Apr 2011","13 May 2011","27 May 2011","10 Jun 2011","24 Jun 2011","08 Jul 2011","22 Jul 2011","05 Aug 2011","22 Aug 2011","07 Sep 2011","21 Sep 2011","05 Oct 2011","20 Oct 2011","04 Nov 2011","22 Nov 2011","07 Dec 2011","21 Dec 2011","04 Jan 2012","17 Jan 2012","01 Feb 2012","15 Feb 2012","01 Mar 2012","15 Mar 2012","29 Mar 2012","16 Apr 2012","28 Apr 2012","14 May 2012","28 May 2012","11 Jun 2012","25 Jun 2012","09 Jul 2012","23 Jul 2012","06 Aug 2012","22 Aug 2012","05 Sep 2012","18 Sep 2012","04 Oct 2012","18 Oct 2012","02 Nov 2012","19 Nov 2012","04 Dec 2012","18 Dec 2012","02 Jan 2013","16 Jan 2013","30 Jan 2013","13 Feb 2013","27 Feb 2013","13 Mar 2013","28 Mar 2013","12 Apr 2013","30 Apr 2013","14 May 2013","28 May 2013","11 Jun 2013","25 Jun 2013","09 Jul 2013","23 Jul 2013","06 Aug 2013","22 Aug 2013","05 Sep 2013","20 Sep 2013","07 Oct 2013","22 Oct 2013","05 Nov 2013","20 Nov 2013","04 Dec 2013","18 Dec 2013","02 Jan 2014","16 Jan 2014","30 Jan 2014","13 Feb 2014","28 Feb 2014","14 Mar 2014","28 Mar 2014","15 Apr 2014","02 May 2014","16 May 2014","30 May 2014","13 Jun 2014","27 Jun 2014","11 Jul 2014","25 Jul 2014","11 Aug 2014","26 Aug 2014","10 Sep 2014","24 Sep 2014","13 Oct 2014","29 Oct 2014","14 Nov 2014","28 Nov 2014","12 Dec 2014","29 Dec 2014","12 Jan 2015","27 Jan 2015","10 Feb 2015","25 Feb 2015","11 Mar 2015","25 Mar 2015","10 Apr 2015","27 Apr 2015","12 May 2015","26 May 2015","09 Jun 2015","23 Jun 2015","07 Jul 2015","21 Jul 2015","04 Aug 2015","18 Aug 2015","01 Sep 2015","15 Sep 2015","01 Oct 2015","16 Oct 2015","02 Nov 2015","17 Nov 2015","02 Dec 2015","16 Dec 2015","31 Dec 2015","14 Jan 2016","29 Jan 2016","12 Feb 2016","26 Feb 2016","14 Mar 2016","30 Mar 2016","13 Apr 2016","02 May 2016","16 May 2016","30 May 2016","13 Jun 2016","27 Jun 2016","12 Jul 2016","26 Jul 2016","09 Aug 2016","24 Aug 2016","08 Sep 2016","23 Sep 2016","07 Oct 2016","25 Oct 2016","08 Nov 2016","23 Nov 2016","07 Dec 2016","21 Dec 2016","04 Jan 2017","18 Jan 2017","02 Feb 2017","16 Feb 2017","03 Mar 2017","20 Mar 2017","03 Apr 2017","19 Apr 2017","04 May 2017","18 May 2017","01 Jun 2017","15 Jun 2017","30 Jun 2017","14 Jul 2017","28 Jul 2017","11 Aug 2017","29 Aug 2017","12 Sep 2017","26 Sep 2017","11 Oct 2017","26 Oct 2017","09 Nov 2017","23 Nov 2017","07 Dec 2017","21 Dec 2017","05 Jan 2018","19 Jan 2018","05 Feb 2018","20 Feb 2018","07 Mar 2018","21 Mar 2018","06 Apr 2018","20 Apr 2018"],"id":"98066"},"stockPricesEventDays":{"exRightsStocks":{"20130723":247.99,"20130701":249.22,"20130822":214.3,"20130801":226.32,"20130724":241.94,"20130702":245.55,"20130823":214.0,"20130802":219.76,"20130725":241.64,"20130703":241.66,"20130726":239.36,"20130704":244.64,"20130902":194.38,"20130705":242.87,"20130826":212.7,"20130903":197.1,"20130805":220.18,"20130827":206.4,"20130904":190.43,"20130806":213.27,"20130729":236.13,"20130828":198.4,"20130905":194.35,"20130807":214.25,"20130708":243.5,"20130829":197.85,"20130906":194.65,"20130820":223.35,"20130722":247.17,"20130821":219.25,"20130808":207.21,"20130709":244.38,"20130712":244.96,"20130812":215.62,"20130813":213.65,"20130814":215.51,"20130715":250.47,"20130716":246.96,"20130816":224.48,"20130717":252.61,"20130718":253.03,"20130719":253.33,"20130730":229.55,"20130731":222.11,"20130830":195.63,"20130710":246.27,"20130711":243.5,"20130819":222.58},"anncStocks":{"20130503":287.95,"20130426":279.37,"20130404":251.06,"20130405":246.73,"20130328":246.13,"20130527":262.66,"20130506":285.54,"20130429":279.05,"20130528":268.52,"20130507":291.53,"20130408":245.96,"20130508":287.54,"20130409":245.5,"20130509":279.79,"20130320":244.17,"20130321":239.73,"20130322":239.5,"20130520":270.7,"20130422":276.0,"20130521":263.47,"20130423":278.7,"20130401":264.84,"20130522":262.75,"20130402":264.75,"20130325":243.96,"20130523":262.03,"20130502":292.74,"20130425":280.35,"20130403":255.87,"20130326":247.38,"20130524":260.68,"20130415":265.03,"20130514":273.84,"20130416":271.47,"20130515":272.47,"20130417":266.35,"20130516":275.68,"20130418":270.4,"20130319":246.92,"20130517":272.42,"20130430":287.88,"20130410":249.73,"20130411":258.66,"20130510":278.7,"20130412":259.68,"20130511":276.12,"20130513":274.7},"recordStocks":{"20130723":247.99,"20130701":249.22,"20130822":214.3,"20130801":226.32,"20130724":241.94,"20130702":245.55,"20130823":214.0,"20130802":219.76,"20130725":241.64,"20130703":241.66,"20130726":239.36,"20130704":244.64,"20130902":194.38,"20130705":242.87,"20130826":212.7,"20130903":197.1,"20130805":220.18,"20130827":206.4,"20130904":190.43,"20130806":213.27,"20130729":236.13,"20130828":198.4,"20130905":194.35,"20130807":214.25,"20130708":243.5,"20130829":197.85,"20130906":194.65,"20130820":223.35,"20130722":247.17,"20130821":219.25,"20130808":207.21,"20130709":244.38,"20130712":244.96,"20130812":215.62,"20130813":213.65,"20130814":215.51,"20130715":250.47,"20130716":246.96,"20130816":224.48,"20130717":252.61,"20130718":253.03,"20130719":253.33,"20130730":229.55,"20130731":222.11,"20130830":195.63,"20130710":246.27,"20130711":243.5,"20130819":222.58}}}