{"prime":"sa","number_set":{"balancesheet":[["Share Capital",{"2008-03-31":8.31,"2016-03-31":27.87,"2014-03-31":27.87,"2011-03-31":27.87,"2015-03-31":27.87,"2013-03-31":27.87,"2006-03-31":77.9,"2012-03-31":27.87,"2017-03-31":27.87,"2010-03-31":27.87,"2009-03-31":27.87,"2007-03-31":8.31}],["Reserves",{"2008-03-31":-175.86,"2016-03-31":-405.11,"2014-03-31":-291.49,"2011-03-31":-163.99,"2015-03-31":-326.2,"2013-03-31":-260.3,"2006-03-31":-290.27,"2012-03-31":-224.97,"2017-03-31":-550.45,"2010-03-31":-234.2,"2009-03-31":-163.63,"2007-03-31":-219.05}],["Borrowings",{"2008-03-31":251.59,"2016-03-31":107.09,"2014-03-31":110.55,"2011-03-31":145.51,"2015-03-31":101.01,"2013-03-31":118.81,"2006-03-31":327.7,"2012-03-31":133.01,"2017-03-31":117.92,"2010-03-31":320.96,"2009-03-31":226.61,"2007-03-31":320.79}],["Other Liabilities",{"2008-03-31":73.14,"2016-03-31":378.04,"2014-03-31":289.04,"2011-03-31":145.72,"2015-03-31":316.78,"2013-03-31":247.69,"2006-03-31":93.52,"2012-03-31":196.22,"2017-03-31":503.38,"2010-03-31":60.31,"2009-03-31":78.31,"2007-03-31":62.94}],["Total Liabilities",{"2008-03-31":150.56,"2016-03-31":101.27,"2014-03-31":129.35,"2011-03-31":148.49,"2015-03-31":112.84,"2013-03-31":127.45,"2006-03-31":164.73,"2012-03-31":125.51,"2017-03-31":92.1,"2010-03-31":168.32,"2009-03-31":162.54,"2007-03-31":166.37}],["Fixed Assets",{"2008-03-31":100.3,"2016-03-31":55.01,"2014-03-31":62.87,"2011-03-31":88.65,"2015-03-31":58.25,"2013-03-31":70.48,"2006-03-31":125.87,"2012-03-31":78.83,"2017-03-31":51.44,"2010-03-31":90.22,"2009-03-31":100.66,"2007-03-31":111.97}],["CWIP",{"2008-03-31":0.39,"2016-03-31":0.15,"2014-03-31":0.0,"2011-03-31":1.91,"2015-03-31":0.0,"2013-03-31":0.17,"2006-03-31":0.01,"2012-03-31":0.12,"2017-03-31":0.2,"2010-03-31":0.7,"2009-03-31":1.51,"2007-03-31":0.7}],["Investments",{"2008-03-31":0.0,"2016-03-31":0.0,"2014-03-31":0.0,"2011-03-31":0.0,"2015-03-31":0.0,"2013-03-31":0.0,"2006-03-31":0.0,"2012-03-31":0.0,"2017-03-31":0.0,"2010-03-31":0.0,"2009-03-31":2.5,"2007-03-31":1.25}],["Other Assets",{"2008-03-31":49.87,"2016-03-31":46.11,"2014-03-31":66.48,"2011-03-31":57.93,"2015-03-31":54.59,"2013-03-31":56.8,"2006-03-31":38.85,"2012-03-31":46.56,"2017-03-31":40.46,"2010-03-31":77.4,"2009-03-31":57.87,"2007-03-31":52.45}],["Total Assets",{"2008-03-31":150.56,"2016-03-31":101.27,"2014-03-31":129.35,"2011-03-31":148.49,"2015-03-31":112.84,"2013-03-31":127.45,"2006-03-31":164.73,"2012-03-31":125.51,"2017-03-31":92.1,"2010-03-31":168.32,"2009-03-31":162.54,"2007-03-31":166.37}]],"annual":[["Sales",{"2008-03-31":154.56,"2016-03-31":143.99,"2014-03-31":226.62,"2011-03-31":236.58,"2015-03-31":171.53,"2013-03-31":259.06,"2006-03-31":86.94,"2012-03-31":190.42,"2017-03-31":77.75,"2010-03-31":230.91,"2009-03-31":179.84,"2007-03-31":141.76}],["Expenses",{"2008-03-31":148.5,"2016-03-31":209.11,"2014-03-31":261.92,"2011-03-31":237.81,"2015-03-31":216.64,"2013-03-31":284.38,"2006-03-31":93.54,"2012-03-31":249.53,"2017-03-31":197.65,"2010-03-31":298.64,"2009-03-31":179.32,"2007-03-31":136.86}],["Operating Profit",{"2008-03-31":6.06,"2016-03-31":-65.12,"2014-03-31":-35.3,"2011-03-31":-1.23,"2015-03-31":-45.11,"2013-03-31":-25.32,"2006-03-31":-6.6,"2012-03-31":-59.11,"2017-03-31":-119.9,"2010-03-31":-67.73,"2009-03-31":0.52,"2007-03-31":4.9}],["OPM",{"2008-03-31":3.92,"2016-03-31":-45.23,"2014-03-31":-15.58,"2011-03-31":-0.52,"2015-03-31":-26.3,"2013-03-31":-9.77,"2006-03-31":-7.59,"2012-03-31":-31.04,"2017-03-31":-154.21,"2010-03-31":-29.33,"2009-03-31":0.29,"2007-03-31":3.46}],["Other Income",{"2008-03-31":53.54,"2016-03-31":9.59,"2014-03-31":30.04,"2011-03-31":88.54,"2015-03-31":27.33,"2013-03-31":16.05,"2006-03-31":0.33,"2012-03-31":24.23,"2017-03-31":1.46,"2010-03-31":13.6,"2009-03-31":28.55,"2007-03-31":0.55}],["Interest",{"2008-03-31":3.1,"2016-03-31":19.73,"2014-03-31":18.21,"2011-03-31":3.3,"2015-03-31":12.05,"2013-03-31":16.12,"2006-03-31":2.25,"2012-03-31":11.43,"2017-03-31":23.33,"2010-03-31":2.82,"2009-03-31":2.2,"2007-03-31":5.53}],["Depreciation",{"2008-03-31":13.22,"2016-03-31":3.63,"2014-03-31":7.68,"2011-03-31":13.81,"2015-03-31":4.87,"2013-03-31":9.93,"2006-03-31":13.17,"2012-03-31":14.67,"2017-03-31":3.57,"2010-03-31":13.56,"2009-03-31":14.55,"2007-03-31":13.07}],["Profit before tax",{"2008-03-31":43.28,"2016-03-31":-78.91,"2014-03-31":-31.13,"2011-03-31":70.2,"2015-03-31":-34.71,"2013-03-31":-35.33,"2006-03-31":-21.69,"2012-03-31":-60.97,"2017-03-31":-145.34,"2010-03-31":-70.51,"2009-03-31":12.32,"2007-03-31":-13.15}],["Tax",{"2008-03-31":0.09,"2016-03-31":0.0,"2014-03-31":0.06,"2011-03-31":0.0,"2015-03-31":0.0,"2013-03-31":0.0,"2006-03-31":0.09,"2012-03-31":0.0,"2017-03-31":0.0,"2010-03-31":0.06,"2009-03-31":0.09,"2007-03-31":0.09}],["Net Profit",{"2008-03-31":43.19,"2016-03-31":-78.91,"2014-03-31":-31.19,"2011-03-31":70.2,"2015-03-31":-34.71,"2013-03-31":-35.33,"2006-03-31":-21.78,"2012-03-31":-60.98,"2017-03-31":-145.34,"2010-03-31":-70.57,"2009-03-31":12.23,"2007-03-31":-13.24}],["EPS (unadj)",{"2008-03-31":255.56,"2016-03-31":0.0,"2014-03-31":0.0,"2011-03-31":33.04,"2015-03-31":0.0,"2013-03-31":0.0,"2006-03-31":0.0,"2012-03-31":0.0,"2017-03-31":0.0,"2010-03-31":0.0,"2009-03-31":5.76,"2007-03-31":0.0}],["Dividend Payout",{"2008-03-31":0.0,"2016-03-31":-0.0,"2014-03-31":-0.0,"2011-03-31":0.0,"2015-03-31":-0.0,"2013-03-31":-0.0,"2006-03-31":-0.0,"2012-03-31":-0.0,"2017-03-31":-0.0,"2010-03-31":-0.0,"2009-03-31":0.0,"2007-03-31":-0.0}]],"cashflow":[["Cash from Operating Activity",{"2008-03-31":47.55,"2016-03-31":19.25,"2014-03-31":32.6,"2011-03-31":135.28,"2015-03-31":14.86,"2013-03-31":46.84,"2006-03-31":-11.93,"2012-03-31":9.8,"2017-03-31":33.55,"2010-03-31":-49.12,"2009-03-31":49.43}],["Cash from Investing Activity",{"2008-03-31":-1.57,"2016-03-31":-0.54,"2014-03-31":0.09,"2011-03-31":-13.15,"2015-03-31":-0.26,"2013-03-31":-1.63,"2006-03-31":0.64,"2012-03-31":-2.5,"2017-03-31":-0.05,"2010-03-31":-2.14,"2009-03-31":-16.28}],["Cash from Financing Activity",{"2008-03-31":-48.46,"2016-03-31":-19.41,"2014-03-31":-34.19,"2011-03-31":-126.52,"2015-03-31":-15.45,"2013-03-31":-45.23,"2006-03-31":19.2,"2012-03-31":-9.93,"2017-03-31":-33.72,"2010-03-31":56.96,"2009-03-31":-33.11}],["Net Cash Flow",{"2008-03-31":-2.48,"2016-03-31":-0.7,"2014-03-31":-1.5,"2011-03-31":-4.39,"2015-03-31":-0.85,"2013-03-31":-0.02,"2006-03-31":7.91,"2012-03-31":-2.63,"2017-03-31":-0.22,"2010-03-31":5.7,"2009-03-31":0.04}]],"quarters":[["Sales",{"2016-06-30":17.66,"2016-12-31":17.55,"2017-03-31":11.4,"2017-06-30":11.33,"2015-06-30":41.12,"2015-03-31":46.95,"2017-09-30":6.12,"2015-12-31":38.75,"2016-03-31":35.46,"2017-12-31":0.0,"2016-09-30":19.44,"2015-09-30":28.67}],["Expenses",{"2016-06-30":33.93,"2016-12-31":34.77,"2017-03-31":82.26,"2017-06-30":27.15,"2015-06-30":54.46,"2015-03-31":57.14,"2017-09-30":17.79,"2015-12-31":49.58,"2016-03-31":58.71,"2017-12-31":13.22,"2016-09-30":35.07,"2015-09-30":46.47}],["Operating Profit",{"2016-06-30":-16.27,"2016-12-31":-17.22,"2017-03-31":-70.86,"2017-06-30":-15.82,"2015-06-30":-13.34,"2015-03-31":-10.19,"2017-09-30":-11.67,"2015-12-31":-10.83,"2016-03-31":-23.25,"2017-12-31":-13.22,"2016-09-30":-15.63,"2015-09-30":-17.8}],["OPM",{"2016-06-30":-92.13,"2016-12-31":-98.12,"2017-03-31":-621.58,"2017-06-30":-139.63,"2015-06-30":-32.44,"2015-03-31":-21.7,"2017-09-30":-190.69,"2015-12-31":-27.95,"2016-03-31":-65.57,"2017-12-31":"--","2016-09-30":-80.4,"2015-09-30":-62.09}],["Other Income",{"2016-06-30":0.05,"2016-12-31":0.01,"2017-03-31":1.4,"2017-06-30":0.01,"2015-06-30":0.05,"2015-03-31":7.61,"2017-09-30":0.18,"2015-12-31":0.0,"2016-03-31":4.92,"2017-12-31":0.0,"2016-09-30":0.01,"2015-09-30":4.63}],["Depreciation",{"2016-06-30":0.89,"2016-12-31":0.89,"2017-03-31":0.89,"2017-06-30":0.82,"2015-06-30":0.89,"2015-03-31":1.38,"2017-09-30":0.82,"2015-12-31":0.9,"2016-03-31":0.94,"2017-12-31":0.82,"2016-09-30":0.89,"2015-09-30":0.9}],["Interest",{"2016-06-30":5.64,"2016-12-31":6.01,"2017-03-31":5.87,"2017-06-30":5.87,"2015-06-30":3.89,"2015-03-31":-0.05,"2017-09-30":7.53,"2015-12-31":5.24,"2016-03-31":5.58,"2017-12-31":7.38,"2016-09-30":5.74,"2015-09-30":4.94}],["Profit before tax",{"2016-06-30":-22.75,"2016-12-31":-24.11,"2017-03-31":-76.22,"2017-06-30":-22.51,"2015-06-30":-18.08,"2015-03-31":-3.92,"2017-09-30":-19.84,"2015-12-31":-16.97,"2016-03-31":-24.85,"2017-12-31":-21.42,"2016-09-30":-22.24,"2015-09-30":-19.01}],["Tax",{"2016-06-30":0.0,"2016-12-31":0.0,"2017-03-31":0.0,"2017-06-30":0.0,"2015-06-30":0.0,"2015-03-31":0.0,"2017-09-30":0.0,"2015-12-31":0.0,"2016-03-31":0.0,"2017-12-31":0.0,"2016-09-30":0.0,"2015-09-30":0.0}],["Net Profit",{"2016-06-30":-22.75,"2016-12-31":-24.12,"2017-03-31":-76.23,"2017-06-30":-22.51,"2015-06-30":-18.08,"2015-03-31":-3.92,"2017-09-30":-19.84,"2015-12-31":-16.97,"2016-03-31":-24.85,"2017-12-31":-21.42,"2016-09-30":-22.24,"2015-09-30":-19.01}]]},"bse_code":"502150","short_name":"Kalyanpur Cement","nse_code":"","companyrating_set":[],"annualreport_set":[{"source":"bse","report_date":2017,"link":"http://www.bseindia.com/bseplus/AnnualReport/502150/5021500317.pdf"},{"source":"bse","report_date":2016,"link":"http://www.bseindia.com/bseplus/AnnualReport/502150/5021500316.pdf"},{"source":"bse","report_date":2015,"link":"http://www.bseindia.com/bseplus/AnnualReport/502150/5021500315.pdf"},{"source":"bse","report_date":2014,"link":"http://www.bseindia.com/bseplus/AnnualReport/502150/5021500314.pdf"},{"source":"bse","report_date":2012,"link":"http://www.bseindia.com/bseplus/annualreport/502150/5021500312.pdf"},{"source":"bse","report_date":2011,"link":"http://www.bseindia.com/bseplus/annualreport/502150/5021500311.pdf"},{"source":"bse","report_date":2010,"link":"http://www.bseindia.com/bseplus/annualreport/502150/5021500310.pdf"}],"announcement_set":[{"ann_date":"30 Apr 2018","announcement":"Certificate Under Regulation 40(9) Of SEBI (LODR) Regulations, 2015","link":"https://www.bseindia.com/corporates/anndet_new.aspx?newsid\u003d48a04a1c-ea3a-4dd2-8c32-72ffdf8f957a"},{"ann_date":"23 Apr 2018","announcement":"Corporate Action-Intimation of Delisting","link":"https://www.bseindia.com/corporates/anndet_new.aspx?newsid\u003d22769d51-7499-4983-b5ee-97a829c644ea"},{"ann_date":"23 Apr 2018","announcement":"Corporate Action-Intimation of Capital Reduction","link":"https://www.bseindia.com/corporates/anndet_new.aspx?newsid\u003d5988608e-f475-4570-8089-16a17a206f96"},{"ann_date":"21 Apr 2018","announcement":"Statement Of Investor Complaints For The Quarter Ended March 2018","link":"https://www.bseindia.com/corporates/anndet_new.aspx?newsid\u003d0dc9f39d-2821-409f-a643-30e852a0d6cd"},{"ann_date":"21 Apr 2018","announcement":"Shareholding for the Period Ended March 31, 2018","link":"https://www.bseindia.com/corporates/anndet_new.aspx?newsid\u003d34b40368-7dee-464e-9f1a-6e200f4181ca"}],"warehouse_set":{"high_price":10.37,"low_price":8.97,"sales_growth":-67.98,"current_price":10.35,"dividend_yield":0.0,"face_value":10.0,"id":401,"sales_growth_3years":-29.99,"book_value":-186.03,"status":"Active","sales_growth_10years":-7.35,"profit_growth":-49.0,"market_capitalization":32.99,"industry":"Cement \u0026 Cement Products","analysis":{"remarks":[],"bad":["Company has low interest coverage ratio.","The company has delivered a poor growth of -16.40% over past five years.","Promoters have pledged 90.06% of their holding"],"good":[]},"result_type":"sa","sales_growth_5years":-16.4},"id":1699,"name":"Kalyanpur Cements Ltd","screenerStockPrice":{"prices":[46.1,48.41,50.8,53.34,55.97,57.86,55.04,52.55,49.97,47.48,45.13,42.92,40.8,38.77,36.83,35.04,33.33,32.32,30.7,29.18,27.75,26.37,26.37,27.66,26.32,25.12,23.97,22.82,23.93,25.08,26.32,27.61,26.28,24.99,23.74,22.59,21.71,22.13,21.07,22.08,23.14,23.6,24.76,25.77,25.82,24.57,23.37,22.22,21.21,22.27,23.37,24.53,25.72,26.88,26.09,24.8,23.6,23.6,22.45,21.34,21.76,22.77,23.88,25.03,26.28,27.57,27.57,28.9,28.58,28.58,28.58,28.58,28.12,28.58,28.58,28.12,28.58,28.58,28.58,28.58,27.66,27.66,26.51,25.36,24.11,23.05,21.94,20.93,20.05,19.13,18.21,17.33,16.5,15.81,15.07,14.34,13.65,13.42,13.32,13.23,13.05,12.82,12.59,12.4,12.17,11.99,11.8,12.04,12.64,12.01,12.6,11.97,11.38,10.82,11.0,10.45,10.45,9.93,9.44,9.44,9.44,8.97,9.41,9.88,10.37,9.86,10.35],"dates":["08 Feb 2010","09 Mar 2010","29 Mar 2010","13 Apr 2010","15 Apr 2010","16 Apr 2010","19 Apr 2010","20 Apr 2010","21 Apr 2010","22 Apr 2010","23 Apr 2010","27 Apr 2010","04 May 2010","21 May 2010","09 Jun 2010","15 Jun 2010","18 Jun 2010","21 Jun 2010","28 Jun 2010","29 Jun 2010","30 Jun 2010","01 Jul 2010","02 Jul 2010","06 Jul 2010","07 Jul 2010","09 Jul 2010","13 Jul 2010","19 Jul 2010","20 Jul 2010","21 Jul 2010","22 Jul 2010","23 Jul 2010","26 Jul 2010","28 Jul 2010","29 Jul 2010","30 Jul 2010","02 Aug 2010","03 Aug 2010","04 Aug 2010","13 Aug 2010","17 Aug 2010","23 Aug 2010","24 Aug 2010","25 Aug 2010","26 Aug 2010","27 Aug 2010","30 Aug 2010","01 Sep 2010","02 Sep 2010","03 Sep 2010","06 Sep 2010","08 Sep 2010","28 Sep 2010","01 Feb 2011","11 Feb 2011","10 Mar 2011","10 May 2011","05 Jul 2011","28 Sep 2011","12 Jan 2012","25 Jan 2012","27 Jan 2012","07 Feb 2012","09 Mar 2012","13 Mar 2012","14 Mar 2012","15 Mar 2012","19 Mar 2012","21 Mar 2012","22 Mar 2012","23 Mar 2012","26 Mar 2012","27 Mar 2012","30 Mar 2012","11 Apr 2012","12 Apr 2012","30 Apr 2012","02 May 2012","04 May 2012","14 May 2012","07 Jun 2012","10 Jul 2012","24 Sep 2012","25 Sep 2012","26 Sep 2012","27 Sep 2012","28 Sep 2012","01 Oct 2012","03 Oct 2012","04 Oct 2012","05 Oct 2012","08 Oct 2012","09 Oct 2012","10 Oct 2012","11 Oct 2012","12 Oct 2012","17 Oct 2012","22 Oct 2012","23 Oct 2012","25 Oct 2012","26 Oct 2012","31 Oct 2012","01 Nov 2012","02 Nov 2012","06 Nov 2012","07 Nov 2012","13 Nov 2012","14 Feb 2013","07 Jan 2014","16 Jun 2014","05 Jan 2015","06 Jan 2015","19 Jan 2015","20 Jan 2015","22 May 2015","11 Aug 2015","18 Dec 2015","06 May 2016","26 Oct 2016","10 Apr 2017","13 Apr 2017","12 Sep 2017","30 Jan 2018","31 Jan 2018","23 Feb 2018","19 Apr 2018","25 Apr 2018"],"id":"1699"},"stockPricesEventDays":{"exRightsStocks":{},"anncStocks":{"20120504":28.6,"20120607":27.68,"20120411":28.6,"20120430":28.6,"20120502":28.6,"20120514":28.6,"20120412":28.14},"recordStocks":{}}}