{"prime":"sa","number_set":{"balancesheet":[["Share Capital",{"2008-03-31":2.99,"2014-03-31":7.28,"2011-03-31":6.98,"2013-03-31":7.28,"2006-03-31":2.38,"2012-03-31":7.28,"2010-03-31":6.97,"2009-03-31":6.97,"2007-03-31":2.99}],["Reserves",{"2008-03-31":3.94,"2014-03-31":5.21,"2011-03-31":4.63,"2013-03-31":5.17,"2006-03-31":2.77,"2012-03-31":4.88,"2010-03-31":4.46,"2009-03-31":4.13,"2007-03-31":3.07}],["Borrowings",{"2008-03-31":3.93,"2014-03-31":14.44,"2011-03-31":10.52,"2013-03-31":17.74,"2006-03-31":2.14,"2012-03-31":6.1,"2010-03-31":5.34,"2009-03-31":0.56,"2007-03-31":1.0}],["Other Liabilities",{"2008-03-31":13.08,"2014-03-31":15.89,"2011-03-31":20.69,"2013-03-31":16.26,"2006-03-31":6.47,"2012-03-31":17.0,"2010-03-31":18.18,"2009-03-31":14.0,"2007-03-31":9.7}],["Total Liabilities",{"2008-03-31":23.14,"2014-03-31":42.02,"2011-03-31":42.02,"2013-03-31":45.65,"2006-03-31":13.57,"2012-03-31":34.46,"2010-03-31":34.15,"2009-03-31":24.86,"2007-03-31":15.96}],["Fixed Assets",{"2008-03-31":2.19,"2014-03-31":3.6,"2011-03-31":2.48,"2013-03-31":3.99,"2006-03-31":1.96,"2012-03-31":2.36,"2010-03-31":2.5,"2009-03-31":2.46,"2007-03-31":2.08}],["CWIP",{"2008-03-31":0.0,"2014-03-31":0.0,"2011-03-31":0.0,"2013-03-31":0.0,"2006-03-31":0.0,"2012-03-31":1.5,"2010-03-31":0.0,"2009-03-31":0.0,"2007-03-31":0.0}],["Investments",{"2008-03-31":0.38,"2014-03-31":0.7,"2011-03-31":0.41,"2013-03-31":0.4,"2006-03-31":0.32,"2012-03-31":0.41,"2010-03-31":0.37,"2009-03-31":3.37,"2007-03-31":0.35}],["Other Assets",{"2008-03-31":20.57,"2014-03-31":37.72,"2011-03-31":39.13,"2013-03-31":41.26,"2006-03-31":11.29,"2012-03-31":30.19,"2010-03-31":31.28,"2009-03-31":19.03,"2007-03-31":13.53}],["Total Assets",{"2008-03-31":23.14,"2014-03-31":42.02,"2011-03-31":42.02,"2013-03-31":45.65,"2006-03-31":13.57,"2012-03-31":34.46,"2010-03-31":34.15,"2009-03-31":24.86,"2007-03-31":15.96}]],"annual":[["Sales",{"2008-03-31":60.7,"2014-03-31":66.86,"2011-03-31":65.73,"2013-03-31":70.46,"2006-03-31":55.24,"2012-03-31":75.79,"2010-03-31":52.49,"2009-03-31":71.13,"2007-03-31":57.39}],["Expenses",{"2008-03-31":58.75,"2014-03-31":66.3,"2011-03-31":64.3,"2013-03-31":68.35,"2006-03-31":54.55,"2012-03-31":73.72,"2010-03-31":51.64,"2009-03-31":69.7,"2007-03-31":56.43}],["Operating Profit",{"2008-03-31":1.95,"2014-03-31":0.56,"2011-03-31":1.43,"2013-03-31":2.11,"2006-03-31":0.69,"2012-03-31":2.07,"2010-03-31":0.85,"2009-03-31":1.43,"2007-03-31":0.96}],["OPM",{"2008-03-31":3.21,"2014-03-31":0.84,"2011-03-31":2.18,"2013-03-31":2.99,"2006-03-31":1.25,"2012-03-31":2.73,"2010-03-31":1.62,"2009-03-31":2.01,"2007-03-31":1.67}],["Other Income",{"2008-03-31":0.46,"2014-03-31":1.46,"2011-03-31":0.51,"2013-03-31":0.62,"2006-03-31":0.19,"2012-03-31":0.41,"2010-03-31":0.83,"2009-03-31":0.35,"2007-03-31":0.2}],["Interest",{"2008-03-31":0.9,"2014-03-31":1.73,"2011-03-31":1.25,"2013-03-31":2.03,"2006-03-31":0.38,"2012-03-31":1.95,"2010-03-31":1.08,"2009-03-31":1.27,"2007-03-31":0.56}],["Depreciation",{"2008-03-31":0.13,"2014-03-31":0.25,"2011-03-31":0.43,"2013-03-31":0.27,"2006-03-31":0.11,"2012-03-31":0.17,"2010-03-31":0.14,"2009-03-31":0.15,"2007-03-31":0.12}],["Profit before tax",{"2008-03-31":1.38,"2014-03-31":0.02,"2011-03-31":0.26,"2013-03-31":0.45,"2006-03-31":0.39,"2012-03-31":0.37,"2010-03-31":0.46,"2009-03-31":0.36,"2007-03-31":0.48}],["Tax",{"2008-03-31":0.46,"2014-03-31":-0.03,"2011-03-31":0.09,"2013-03-31":0.17,"2006-03-31":0.15,"2012-03-31":0.12,"2010-03-31":0.13,"2009-03-31":0.17,"2007-03-31":0.18}],["Net Profit",{"2008-03-31":0.92,"2014-03-31":0.05,"2011-03-31":0.17,"2013-03-31":0.29,"2006-03-31":0.24,"2012-03-31":0.25,"2010-03-31":0.33,"2009-03-31":0.19,"2007-03-31":0.3}],["EPS (unadj)",{"2008-03-31":4.2,"2014-03-31":0.07,"2011-03-31":0.28,"2013-03-31":0.44,"2006-03-31":1.1,"2012-03-31":0.39,"2010-03-31":0.53,"2009-03-31":0.31,"2007-03-31":1.37}],["Dividend Payout",{"2008-03-31":0.0,"2014-03-31":0.0,"2011-03-31":0.0,"2013-03-31":0.0,"2006-03-31":0.0,"2012-03-31":0.0,"2010-03-31":0.0,"2009-03-31":0.0,"2007-03-31":0.0}]],"cashflow":[["Cash from Operating Activity",{"2011-03-31":-3.95,"2006-03-31":0.19,"2010-03-31":-6.8,"2009-03-31":3.06,"2007-03-31":1.7}],["Cash from Investing Activity",{"2011-03-31":-0.15,"2006-03-31":-0.21,"2010-03-31":3.0,"2009-03-31":-3.27,"2007-03-31":-0.2}],["Cash from Financing Activity",{"2011-03-31":4.29,"2006-03-31":-1.22,"2010-03-31":4.09,"2009-03-31":-0.17,"2007-03-31":-1.48}],["Net Cash Flow",{"2011-03-31":0.19,"2006-03-31":-1.24,"2010-03-31":0.29,"2009-03-31":-0.38,"2007-03-31":0.02}]],"quarters":[["Sales",{"2016-06-30":0.51,"2016-12-31":0.0,"2014-06-30":10.66,"2014-09-30":11.69,"2014-03-31":26.03,"2015-06-30":1.33,"2015-03-31":1.89,"2014-12-31":1.67,"2015-12-31":0.3,"2016-03-31":0.54,"2016-09-30":0.3,"2015-09-30":0.0}],["Expenses",{"2016-06-30":0.53,"2016-12-31":0.03,"2014-06-30":10.62,"2014-09-30":14.8,"2014-03-31":27.23,"2015-06-30":1.67,"2015-03-31":2.03,"2014-12-31":1.89,"2015-12-31":0.54,"2016-03-31":4.84,"2016-09-30":0.43,"2015-09-30":0.08}],["Operating Profit",{"2016-06-30":-0.02,"2016-12-31":-0.03,"2014-06-30":0.04,"2014-09-30":-3.11,"2014-03-31":-1.2,"2015-06-30":-0.34,"2015-03-31":-0.14,"2014-12-31":-0.22,"2015-12-31":-0.24,"2016-03-31":-4.3,"2016-09-30":-0.13,"2015-09-30":-0.08}],["OPM",{"2016-06-30":-3.92,"2016-12-31":"--","2014-06-30":0.38,"2014-09-30":-26.6,"2014-03-31":-4.61,"2015-06-30":-25.56,"2015-03-31":-7.41,"2014-12-31":-13.17,"2015-12-31":-80.0,"2016-03-31":-796.3,"2016-09-30":-43.33,"2015-09-30":"--"}],["Other Income",{"2016-06-30":0.01,"2016-12-31":0.0,"2014-06-30":0.1,"2014-09-30":0.0,"2014-03-31":1.42,"2015-06-30":0.0,"2015-03-31":0.01,"2014-12-31":0.75,"2015-12-31":0.0,"2016-03-31":0.08,"2016-09-30":0.01,"2015-09-30":0.03}],["Depreciation",{"2016-06-30":0.02,"2016-12-31":0.02,"2014-06-30":0.06,"2014-09-30":0.45,"2014-03-31":0.05,"2015-06-30":0.09,"2015-03-31":0.1,"2014-12-31":0.1,"2015-12-31":0.09,"2016-03-31":0.09,"2016-09-30":0.02,"2015-09-30":0.09}],["Interest",{"2016-06-30":0.0,"2016-12-31":0.0,"2014-06-30":0.33,"2014-09-30":0.59,"2014-03-31":0.38,"2015-06-30":0.82,"2015-03-31":0.95,"2014-12-31":0.55,"2015-12-31":0.83,"2016-03-31":0.47,"2016-09-30":0.0,"2015-09-30":0.83}],["Profit before tax",{"2016-06-30":-0.04,"2016-12-31":-0.05,"2014-06-30":-0.24,"2014-09-30":-4.14,"2014-03-31":-0.21,"2015-06-30":-1.24,"2015-03-31":-1.18,"2014-12-31":-0.13,"2015-12-31":-1.16,"2016-03-31":-4.78,"2016-09-30":-0.15,"2015-09-30":-0.96}],["Tax",{"2016-06-30":0.0,"2016-12-31":0.0,"2014-06-30":0.0,"2014-09-30":-0.09,"2014-03-31":-0.08,"2015-06-30":-0.02,"2015-03-31":0.18,"2014-12-31":-0.05,"2015-12-31":-0.02,"2016-03-31":-0.04,"2016-09-30":0.0,"2015-09-30":-0.02}],["Net Profit",{"2016-06-30":-0.04,"2016-12-31":-0.05,"2014-06-30":-0.24,"2014-09-30":-4.05,"2014-03-31":-0.13,"2015-06-30":-1.23,"2015-03-31":-1.36,"2014-12-31":-0.08,"2015-12-31":-1.14,"2016-03-31":-4.75,"2016-09-30":-0.15,"2015-09-30":-0.95}]]},"bse_code":"513265","short_name":"Mukesh Steels","nse_code":"","companyrating_set":[{"rating__rating":"CARE BB","instrument":"Bank FacilitiesFund Based - LT","rating__source":"care","link":"http://google.com/search?btnI\u003d1\u0026q\u003dMukesh Steels Ltd+site:careratings.com"},{"rating__rating":"CARE A4","instrument":"Bank FacilitiesNon-Fund Based - ST","rating__source":"care","link":"http://google.com/search?btnI\u003d1\u0026q\u003dMukesh Steels Ltd+site:careratings.com"}],"annualreport_set":[],"announcement_set":[{"ann_date":"13 May 2017","announcement":"Board Meeting As On 30.05.2017 And Closure Of Trading Window","link":"http://www.bseindia.com/corporates/anndet_new.aspx?newsid\u003d25e79c36-ece8-444b-b157-6bb26a5b09e1"},{"ann_date":"12 May 2017","announcement":"Board Meeting As On 30.05.2017 And Closure Of Trading Window","link":"http://www.bseindia.com/corporates/anndet_new.aspx?newsid\u003d25e79c36-ece8-444b-b157-6bb26a5b09e1"},{"ann_date":"14 Feb 2017","announcement":"Standalone Financial Results, Limited Review Report for December 31, 2016","link":"http://www.bseindia.com/corporates/anndet_new.aspx?newsid\u003df236f1a1-8dc7-49fb-8139-723b18c07923"},{"ann_date":"04 Feb 2017","announcement":"Statement of Investor Complaint under Reg. 13(3) of SEBI (LODR) Regulations, 2015 for Quarter ended December 31, 2016","link":"http://www.bseindia.com/corporates/anndet_new.aspx?newsid\u003da0908b20-6c17-4626-bc23-e7ce553561e5"},{"ann_date":"02 Feb 2017","announcement":"Board Meeting Intimation for Results \u0026 Closure of Trading Window","link":"http://www.bseindia.com/corporates/anndet_new.aspx?newsid\u003dbad657a6-8e98-45e7-bf69-2569d85edbc2"}],"warehouse_set":{"high_price":38.45,"low_price":16.5,"sales_growth":-61.65,"current_price":27.1,"dividend_yield":0.0,"face_value":10.0,"id":2797,"sales_growth_3years":0.57,"profit_growth_5years":-20.76,"average_return_on_equity_3years":1.73,"book_value":10.2,"status":"Active","profit_growth":-6.62,"market_capitalization":17.8,"price_to_earning":356.11,"industry":"Iron \u0026amp; Steel/Interm.Products","analysis":{"remarks":[],"bad":["Stock is trading at 2.66 times its book value","Though the company is reporting repeated profits, it is not paying out dividend","Company has low interest coverage ratio.","Promoter\u0027s stake has decreased","The company has delivered a poor growth of -1.23% over past five years.","Company has a low return on equity of 1.73% for last 3 years."],"good":["Promoter\u0027s stake has increased"]},"result_type":"sa","profit_growth_3years":-33.5,"sales_growth_5years":-1.23,"return_on_equity":0.43,"average_return_on_equity_5years":1.84},"id":2152,"name":"Mukesh Steels Ltd","screenerStockPrice":{"prices":[6.52,8.81,12.99,19.12,19.41,14.35,13.44,10.8,8.2,7.57,7.38,8.74,10.27,9.21,8.92,8.28,7.42,8.24,7.28,7.16,7.07,7.98,7.82,9.0,8.64,10.46,8.32,9.36,8.04,8.79,8.89,8.67,10.56,12.77,15.23,12.69,14.19,18.05,12.46,11.26,12.5,14.23,20.85,22.4,21.4,16.55,15.35,17.6,14.0,12.0,11.0,11.98,12.0,10.37,8.9,8.4,7.2,7.8,10.0,10.0,10.97,10.0,9.36,9.25,9.0,8.45,8.85,10.0,10.5,12.6,18.57,21.0,16.2,14.79,12.0,12.5,13.7,11.75,12.0,12.6,10.5,12.65,13.4,13.65,15.5,14.5,14.5,16.25,14.75,12.75,12.25,13.5,13.25,13.0,14.0,14.17,14.5,12.7,12.7,11.75,10.0,10.0,10.05,10.0,10.0,10.0,9.55,10.13,9.48,8.2,7.13,6.2,6.6,6.04,6.5,6.5,7.03,6.75,7.0,7.25,8.0,8.0,7.0,7.28,6.5,6.75,6.88,7.87,8.1,8.3,7.35,7.5,7.9,8.6,8.0,9.0,9.25,8.5,8.25,8.0,8.08,8.05,8.05,7.94,7.65,7.77,7.1,7.05,6.45,5.7,5.5,5.01,5.5,5.5,5.65,5.7,5.59,5.78,6.39,9.37,8.14,8.82,8.0,8.3,7.6,9.3,9.87,7.25,6.5,5.75,4.99,5.49,6.83,7.9,10.6,10.29,10.98,10.46,9.98,10.0,10.0,11.18,15.05,20.9,24.3,27.0,27.85,25.5,25.5,30.4,29.3,26.45,29.7,26.15,29.0,28.7,30.0,21.45,22.2,30.15,27.4,29.45,33.0,28.9,28.35,27.2,30.8,36.7,24.6,20.4,16.5,21.25,28.6],"dates":["19 Jul 2004","14 Nov 2006","24 Nov 2006","08 Dec 2006","20 Dec 2006","04 Jan 2007","16 Jan 2007","31 Jan 2007","14 Feb 2007","27 Feb 2007","09 Mar 2007","30 Mar 2007","16 Apr 2007","26 Apr 2007","10 May 2007","22 May 2007","01 Jun 2007","13 Jun 2007","25 Jun 2007","05 Jul 2007","17 Jul 2007","27 Jul 2007","09 Aug 2007","23 Aug 2007","04 Sep 2007","14 Sep 2007","27 Sep 2007","10 Oct 2007","22 Oct 2007","02 Nov 2007","14 Nov 2007","27 Nov 2007","07 Dec 2007","19 Dec 2007","02 Jan 2008","14 Jan 2008","31 Jan 2008","18 Feb 2008","28 Feb 2008","12 Mar 2008","27 Mar 2008","08 Apr 2008","22 Apr 2008","05 May 2008","15 May 2008","28 May 2008","09 Jun 2008","23 Jun 2008","03 Jul 2008","15 Jul 2008","25 Jul 2008","08 Aug 2008","29 Aug 2008","18 Sep 2008","08 Oct 2008","06 Nov 2008","20 Nov 2008","04 Dec 2008","19 Dec 2008","06 Jan 2009","20 Jan 2009","02 Feb 2009","13 Feb 2009","27 Feb 2009","13 Mar 2009","25 Mar 2009","08 Apr 2009","22 Apr 2009","06 May 2009","19 May 2009","29 May 2009","11 Jun 2009","23 Jun 2009","03 Jul 2009","15 Jul 2009","27 Jul 2009","07 Aug 2009","20 Aug 2009","01 Sep 2009","11 Sep 2009","29 Sep 2009","12 Oct 2009","23 Oct 2009","10 Nov 2009","20 Nov 2009","03 Dec 2009","16 Dec 2009","31 Dec 2009","13 Jan 2010","25 Jan 2010","05 Feb 2010","17 Feb 2010","02 Mar 2010","12 Mar 2010","25 Mar 2010","09 Apr 2010","27 Apr 2010","26 May 2010","11 Jun 2010","16 Jul 2010","11 Aug 2010","23 Aug 2010","02 Sep 2010","16 Sep 2010","28 Sep 2010","08 Oct 2010","20 Oct 2010","01 Nov 2010","18 Nov 2010","23 Dec 2010","11 Feb 2011","30 Mar 2011","13 Apr 2011","16 May 2011","31 May 2011","13 Jun 2011","24 Jun 2011","06 Jul 2011","21 Jul 2011","02 Aug 2011","26 Aug 2011","14 Sep 2011","27 Sep 2011","10 Oct 2011","20 Oct 2011","03 Nov 2011","17 Nov 2011","01 Dec 2011","14 Dec 2011","28 Dec 2011","13 Jan 2012","31 Jan 2012","15 Feb 2012","01 Mar 2012","16 Mar 2012","29 Mar 2012","16 Apr 2012","27 Apr 2012","14 May 2012","24 May 2012","08 Jun 2012","20 Jun 2012","02 Jul 2012","17 Jul 2012","30 Jul 2012","09 Aug 2012","23 Aug 2012","04 Sep 2012","14 Sep 2012","27 Sep 2012","10 Oct 2012","23 Oct 2012","06 Nov 2012","22 Nov 2012","05 Dec 2012","17 Dec 2012","31 Dec 2012","10 Jan 2013","24 Jan 2013","05 Feb 2013","15 Feb 2013","27 Feb 2013","12 Mar 2013","25 Mar 2013","10 Apr 2013","18 Jun 2013","26 Sep 2013","18 Dec 2013","11 Feb 2014","04 Mar 2014","27 Mar 2014","19 Jun 2014","04 Jul 2014","21 Jul 2014","26 Aug 2014","19 Sep 2014","01 Oct 2014","03 Nov 2014","10 Dec 2014","14 Jan 2015","30 Jan 2015","13 Feb 2015","26 Feb 2015","10 Mar 2015","20 Mar 2015","01 Apr 2015","17 Apr 2015","11 May 2015","21 May 2015","02 Jun 2015","12 Jun 2015","24 Jun 2015","06 Jul 2015","16 Jul 2015","29 Jul 2015","12 Aug 2015","24 Sep 2015","09 Oct 2015","26 Oct 2015","16 Nov 2015","11 Dec 2015","24 Dec 2015","07 Jan 2016","27 Jan 2016","08 Feb 2016","24 Feb 2016","14 Mar 2016","13 May 2016","06 Jun 2016","08 Jul 2016","27 Jul 2016","11 Aug 2016","27 Oct 2016"],"id":"2152"},"stockPricesEventDays":{"exRightsStocks":{"20071228":22.0,"20071224":22.0,"20071226":22.0,"20071227":23.1,"20071220":21.35,"20080219":17.15,"20080114":20.2,"20080213":17.6,"20080115":19.25,"20080214":18.1,"20080211":17.22,"20080118":20.2,"20080218":18.05,"20080215":18.75,"20080110":22.15,"20080111":21.25,"20080130":23.75,"20080131":22.6,"20071217":22.49,"20071218":21.4,"20071219":20.34,"20071213":20.4,"20071214":21.42,"20071231":22.5,"20080109":23.2,"20080208":16.4,"20071212":19.46,"20080103":25.45,"20080104":26.7,"20080123":20.55,"20080101":23.6,"20080124":21.55,"20080102":24.25,"20080129":23.6,"20080107":25.65,"20080206":14.91,"20080108":24.4,"20080207":15.65,"20080128":22.5,"20080220":16.35},"anncStocks":{"20070315":12.0,"20070316":11.45,"20070219":13.65,"20070212":14.2,"20070213":13.5,"20070313":12.0,"20070214":13.05,"20070215":13.0,"20070314":11.5,"20070131":17.2,"20070330":13.91,"20070319":12.02,"20070227":12.05,"20070205":16.0,"20070305":12.11,"20070228":12.65,"20070129":18.1,"20070306":11.83,"20070307":12.29,"20070208":15.25,"20070223":13.15,"20070201":16.4,"20070124":19.0,"20070301":12.5,"20070202":16.1,"20070125":18.6,"20070323":13.25,"20070302":12.59,"20070226":12.55,"20070220":13.0,"20070221":13.25,"20070122":19.6,"20070222":13.05,"20070321":12.62,"20070308":12.02,"20070209":14.9,"20070309":11.75},"recordStocks":{"20071228":22.0,"20071226":22.0,"20071227":23.1,"20080219":17.15,"20080213":17.6,"20080114":20.2,"20080214":18.1,"20080115":19.25,"20080211":17.22,"20080118":20.2,"20080218":18.05,"20080215":18.75,"20080110":22.15,"20080111":21.25,"20080130":23.75,"20080131":22.6,"20071231":22.5,"20080208":16.4,"20080109":23.2,"20080103":25.45,"20080104":26.7,"20080225":14.04,"20080123":20.55,"20080101":23.6,"20080222":14.77,"20080124":21.55,"20080102":24.25,"20080206":14.91,"20080129":23.6,"20080107":25.65,"20080228":12.46,"20080305":12.33,"20080207":15.65,"20080108":24.4,"20080229":13.0,"20080226":13.55,"20080303":13.65,"20080128":22.5,"20080227":13.11,"20080304":12.97,"20080220":16.35,"20080221":15.54}}}