{"prime":"sa","number_set":{"balancesheet":[["Share Capital",{"2016-03-31":41.35,"2014-06-30":41.35,"2008-03-31":9.99,"2009-03-31":9.99,"2013-06-30":41.35,"2015-03-31":41.35,"2017-03-31":41.35,"2012-06-30":41.35,"2010-06-30":20.0,"2011-06-30":41.35}],["Reserves",{"2016-03-31":132.4,"2014-06-30":128.04,"2008-03-31":1.46,"2009-03-31":1.75,"2013-06-30":123.91,"2015-03-31":132.26,"2017-03-31":116.6,"2012-06-30":116.98,"2010-06-30":12.8,"2011-06-30":113.53}],["Borrowings",{"2016-03-31":12.9,"2014-06-30":10.0,"2008-03-31":19.58,"2009-03-31":8.21,"2013-06-30":0.0,"2015-03-31":12.15,"2017-03-31":18.46,"2012-06-30":0.0,"2010-06-30":2.19,"2011-06-30":2.19}],["Other Liabilities",{"2016-03-31":26.4,"2014-06-30":86.65,"2008-03-31":35.57,"2009-03-31":27.08,"2013-06-30":67.76,"2015-03-31":23.21,"2017-03-31":30.75,"2012-06-30":94.34,"2010-06-30":18.25,"2011-06-30":56.32}],["Total Liabilities",{"2016-03-31":213.05,"2014-06-30":266.04,"2008-03-31":66.6,"2009-03-31":47.03,"2013-06-30":233.02,"2015-03-31":208.97,"2017-03-31":207.16,"2012-06-30":252.67,"2010-06-30":53.24,"2011-06-30":213.39}],["Fixed Assets",{"2016-03-31":0.03,"2014-06-30":9.31,"2008-03-31":3.61,"2009-03-31":5.22,"2013-06-30":9.32,"2015-03-31":9.3,"2017-03-31":0.02,"2012-06-30":9.35,"2010-06-30":4.96,"2011-06-30":13.9}],["CWIP",{"2016-03-31":0.0,"2014-06-30":0.0,"2008-03-31":0.0,"2009-03-31":0.0,"2013-06-30":0.0,"2015-03-31":0.0,"2017-03-31":0.0,"2012-06-30":0.0,"2010-06-30":0.0,"2011-06-30":0.0}],["Investments",{"2016-03-31":140.09,"2014-06-30":144.94,"2008-03-31":0.21,"2009-03-31":3.33,"2013-06-30":144.94,"2015-03-31":145.6,"2017-03-31":140.09,"2012-06-30":145.11,"2010-06-30":3.41,"2011-06-30":154.59}],["Other Assets",{"2016-03-31":72.93,"2014-06-30":111.79,"2008-03-31":62.78,"2009-03-31":38.48,"2013-06-30":78.76,"2015-03-31":54.07,"2017-03-31":67.05,"2012-06-30":98.21,"2010-06-30":44.87,"2011-06-30":44.9}],["Total Assets",{"2016-03-31":213.05,"2014-06-30":266.04,"2008-03-31":66.6,"2009-03-31":47.03,"2013-06-30":233.02,"2015-03-31":208.97,"2017-03-31":207.16,"2012-06-30":252.67,"2010-06-30":53.24,"2011-06-30":213.39}]],"annual":[["Sales",{"2016-03-31":0.0,"2014-06-30":33.74,"2008-03-31":68.72,"2009-03-31":1.46,"2013-06-30":39.13,"2015-03-31":31.98,"2017-03-31":0.0,"2012-06-30":54.37,"2010-06-30":0.0,"2011-06-30":31.91}],["Expenses",{"2016-03-31":1.31,"2014-06-30":27.41,"2008-03-31":62.75,"2009-03-31":0.86,"2013-06-30":33.15,"2015-03-31":28.73,"2017-03-31":11.43,"2012-06-30":48.11,"2010-06-30":1.82,"2011-06-30":31.83}],["Operating Profit",{"2016-03-31":-1.31,"2014-06-30":6.33,"2008-03-31":5.97,"2009-03-31":0.6,"2013-06-30":5.98,"2015-03-31":3.25,"2017-03-31":-11.43,"2012-06-30":6.26,"2010-06-30":-1.82,"2011-06-30":0.08}],["OPM",{"2016-03-31":"--","2014-06-30":18.76,"2008-03-31":8.69,"2009-03-31":41.1,"2013-06-30":15.28,"2015-03-31":10.16,"2017-03-31":"--","2012-06-30":11.51,"2010-06-30":"--","2011-06-30":0.25}],["Other Income",{"2016-03-31":4.02,"2014-06-30":0.19,"2008-03-31":0.77,"2009-03-31":0.93,"2013-06-30":4.77,"2015-03-31":0.0,"2017-03-31":0.0,"2012-06-30":0.41,"2010-06-30":3.64,"2011-06-30":1.15}],["Interest",{"2016-03-31":2.48,"2014-06-30":0.56,"2008-03-31":1.97,"2009-03-31":0.57,"2013-06-30":0.33,"2015-03-31":1.04,"2017-03-31":2.59,"2012-06-30":0.01,"2010-06-30":0.0,"2011-06-30":0.06}],["Depreciation",{"2016-03-31":0.02,"2014-06-30":0.01,"2008-03-31":0.33,"2009-03-31":0.4,"2013-06-30":0.02,"2015-03-31":0.01,"2017-03-31":0.01,"2012-06-30":0.08,"2010-06-30":0.13,"2011-06-30":0.11}],["Profit before tax",{"2016-03-31":0.2,"2014-06-30":5.96,"2008-03-31":4.44,"2009-03-31":0.56,"2013-06-30":10.39,"2015-03-31":2.19,"2017-03-31":-14.03,"2012-06-30":6.58,"2010-06-30":1.69,"2011-06-30":1.06}],["Tax",{"2016-03-31":0.06,"2014-06-30":1.82,"2008-03-31":0.39,"2009-03-31":0.27,"2013-06-30":3.45,"2015-03-31":-2.03,"2017-03-31":1.77,"2012-06-30":4.3,"2010-06-30":0.34,"2011-06-30":0.51}],["Net Profit",{"2016-03-31":0.14,"2014-06-30":4.13,"2008-03-31":4.05,"2009-03-31":0.29,"2013-06-30":6.93,"2015-03-31":4.22,"2017-03-31":-15.79,"2012-06-30":2.27,"2010-06-30":1.35,"2011-06-30":0.55}],["EPS (unadj)",{"2016-03-31":0.03,"2014-06-30":1.0,"2008-03-31":4.05,"2009-03-31":0.29,"2013-06-30":1.68,"2015-03-31":1.36,"2017-03-31":0.0,"2012-06-30":0.55,"2010-06-30":0.54,"2011-06-30":0.13}],["Dividend Payout",{"2016-03-31":0.0,"2014-06-30":0.0,"2008-03-31":0.0,"2009-03-31":0.0,"2013-06-30":0.0,"2015-03-31":0.0,"2017-03-31":-0.0,"2012-06-30":0.0,"2010-06-30":0.0,"2011-06-30":0.0}]],"cashflow":[["Cash from Operating Activity",{"2016-03-31":0.4,"2014-06-30":-8.74,"2008-03-31":-13.85,"2009-03-31":14.56,"2013-06-30":0.31,"2015-03-31":0.41,"2017-03-31":3.98,"2012-06-30":-13.53,"2010-06-30":-17.57,"2011-06-30":36.04}],["Cash from Investing Activity",{"2016-03-31":0.01,"2014-06-30":0.0,"2008-03-31":-1.29,"2009-03-31":-3.04,"2013-06-30":0.1,"2015-03-31":-0.67,"2017-03-31":0.0,"2012-06-30":13.49,"2010-06-30":2.86,"2011-06-30":-38.58}],["Cash from Financing Activity",{"2016-03-31":-0.54,"2014-06-30":8.77,"2008-03-31":9.77,"2009-03-31":-11.37,"2013-06-30":-0.33,"2015-03-31":0.33,"2017-03-31":-4.07,"2012-06-30":-0.01,"2010-06-30":17.19,"2011-06-30":-0.06}],["Net Cash Flow",{"2016-03-31":-0.13,"2014-06-30":0.03,"2008-03-31":-5.37,"2009-03-31":0.15,"2013-06-30":0.08,"2015-03-31":0.07,"2017-03-31":-0.09,"2012-06-30":-0.05,"2010-06-30":2.48,"2011-06-30":-2.6}]],"quarters":[["Sales",{"2016-06-30":0.0,"2016-12-31":0.0,"2017-03-31":0.0,"2017-06-30":0.0,"2015-06-30":0.94,"2015-03-31":13.05,"2017-09-30":0.0,"2015-12-31":0.0,"2016-03-31":-1.68,"2017-12-31":0.0,"2016-09-30":0.0,"2015-09-30":0.74}],["Expenses",{"2016-06-30":0.35,"2016-12-31":0.46,"2017-03-31":10.95,"2017-06-30":0.53,"2015-06-30":1.46,"2015-03-31":12.4,"2017-09-30":0.61,"2015-12-31":0.55,"2016-03-31":-1.22,"2017-12-31":0.56,"2016-09-30":0.4,"2015-09-30":1.42}],["Operating Profit",{"2016-06-30":-0.35,"2016-12-31":-0.46,"2017-03-31":-10.95,"2017-06-30":-0.53,"2015-06-30":-0.52,"2015-03-31":0.65,"2017-09-30":-0.61,"2015-12-31":-0.55,"2016-03-31":-0.46,"2017-12-31":-0.56,"2016-09-30":-0.4,"2015-09-30":-0.68}],["OPM",{"2016-06-30":"--","2016-12-31":"--","2017-03-31":"--","2017-06-30":"--","2015-06-30":-55.32,"2015-03-31":4.98,"2017-09-30":"--","2015-12-31":"--","2016-03-31":27.38,"2017-12-31":"--","2016-09-30":"--","2015-09-30":-91.89}],["Other Income",{"2016-06-30":1.32,"2016-12-31":1.42,"2017-03-31":-4.11,"2017-06-30":0.0,"2015-06-30":0.0,"2015-03-31":0.0,"2017-09-30":0.0,"2015-12-31":0.0,"2016-03-31":4.02,"2017-12-31":0.0,"2016-09-30":1.37,"2015-09-30":0.0}],["Depreciation",{"2016-06-30":0.0,"2016-12-31":0.0,"2017-03-31":0.0,"2017-06-30":0.0,"2015-06-30":0.0,"2015-03-31":0.0,"2017-09-30":0.0,"2015-12-31":0.0,"2016-03-31":0.0,"2017-12-31":0.0,"2016-09-30":0.0,"2015-09-30":0.0}],["Interest",{"2016-06-30":0.44,"2016-12-31":0.52,"2017-03-31":0.47,"2017-06-30":0.48,"2015-06-30":0.75,"2015-03-31":0.36,"2017-09-30":0.5,"2015-12-31":0.59,"2016-03-31":-0.32,"2017-12-31":0.53,"2016-09-30":0.44,"2015-09-30":0.58}],["Profit before tax",{"2016-06-30":0.53,"2016-12-31":0.44,"2017-03-31":-15.52,"2017-06-30":-1.0,"2015-06-30":-1.27,"2015-03-31":0.29,"2017-09-30":-1.1,"2015-12-31":-1.14,"2016-03-31":3.88,"2017-12-31":-1.09,"2016-09-30":0.53,"2015-09-30":-1.26}],["Tax",{"2016-06-30":-0.01,"2016-12-31":0.16,"2017-03-31":1.27,"2017-06-30":0.0,"2015-06-30":-0.01,"2015-03-31":-2.98,"2017-09-30":0.0,"2015-12-31":-0.02,"2016-03-31":0.09,"2017-12-31":0.0,"2016-09-30":0.35,"2015-09-30":0.0}],["Net Profit",{"2016-06-30":0.54,"2016-12-31":0.29,"2017-03-31":-16.8,"2017-06-30":-1.01,"2015-06-30":-1.26,"2015-03-31":3.27,"2017-09-30":-1.1,"2015-12-31":-1.12,"2016-03-31":3.78,"2017-12-31":-1.09,"2016-09-30":0.18,"2015-09-30":-1.26}]]},"bse_code":"533100","short_name":"Premier Energy","nse_code":"","companyrating_set":[],"annualreport_set":[{"source":"bse","report_date":2017,"link":"http://www.bseindia.com/bseplus/annualreport/https:/https://www.bseindia.com/bseplus/AnnualReport/533100/5331000317.pdf"},{"source":"bse","report_date":2016,"link":"http://www.bseindia.com/bseplus/annualreport/https:/https://www.bseindia.com/bseplus/AnnualReport/533100/5331000316.pdf"},{"source":"bse","report_date":2015,"link":"http://www.bseindia.com/bseplus/AnnualReport/533100/5331000315.pdf"},{"source":"bse","report_date":2014,"link":"http://www.bseindia.com/bseplus/AnnualReport/533100/5331000614.pdf"},{"source":"bse","report_date":2012,"link":"http://www.bseindia.com/bseplus/annualreport/533100/5331000612.pdf"},{"source":"bse","report_date":2011,"link":"http://www.bseindia.com/bseplus/annualreport/533100/5331000611.pdf"},{"source":"bse","report_date":2010,"link":"http://www.bseindia.com/bseplus/annualreport/533100/5331000610.pdf"}],"announcement_set":[{"ann_date":"30 Apr 2018","announcement":"Compliance Certificate For The Quarter Ended 31.03.2018","link":"https://www.bseindia.com/corporates/anndet_new.aspx?newsid\u003dcf5d6d21-9f27-49a7-b4e7-7c89c071dfa6"},{"ann_date":"30 Apr 2018","announcement":"Statement Of Investor Complaints For The Quarter Ended March 2018","link":"https://www.bseindia.com/corporates/anndet_new.aspx?newsid\u003df713c950-525c-4313-885c-266fec9bf4a1"},{"ann_date":"23 Apr 2018","announcement":"Share Transfer Audit Certificate For The Half Year Ended 31.03.2018","link":"https://www.bseindia.com/corporates/anndet_new.aspx?newsid\u003dbaa83041-6b9d-4373-8ec4-01f08d0ee18c"},{"ann_date":"18 Apr 2018","announcement":"Shareholding for the Period Ended March 31, 2018","link":"https://www.bseindia.com/corporates/anndet_new.aspx?newsid\u003dd16cf9e4-86b9-40f2-b913-36d114662d36"},{"ann_date":"13 Apr 2018","announcement":"Statement Of Investor Complaints For The Quarter Ended March 2018","link":"https://www.bseindia.com/corporates/anndet_new.aspx?newsid\u003dbcd7d005-1446-42c3-85b3-f2d1328f8a08"}],"warehouse_set":{"high_price":6.35,"low_price":4.41,"sales_growth":100.0,"current_price":4.6,"dividend_yield":0.0,"face_value":10.0,"id":593,"average_return_on_equity_3years":-0.62,"book_value":37.43,"status":"Active","pair_url":"/company/533100/consolidated","average_return_on_equity_10years":1.03,"profit_growth":-517.54,"market_capitalization":19.02,"industry":"Realty","analysis":{"remarks":[],"bad":["Company has low interest coverage ratio.","Promoter\u0027s stake has decreased","Company has a low return on equity of -0.62% for last 3 years.","Promoters have pledged 85.90% of their holding"],"good":["Company is virtually debt free.","Stock is trading at 0.12 times its book value"]},"result_type":"sa","return_on_equity":-4.77,"average_return_on_equity_5years":0.97},"id":2549,"name":"Premier Energy \u0026 Infrastructure Ltd","screenerStockPrice":{"prices":[44.87,35.9,31.99,31.31,29.49,26.95,25.8,28.2,28.2,31.25,30.93,30.13,30.93,33.4,35.16,28.91,31.18,31.15,29.33,29.65,29.39,28.52,31.25,43.11,29.9,36.6,47.65,38.95,35.2,36.85,29.8,32.95,32.75,35.9,26.55,26.85,30.7,32.3,33.1,37.8,43.6,44.9,47.45,44.0,41.7,49.8,53.3,52.6,52.8,46.6,41.5,41.5,41.1,42.35,45.75,37.65,39.6,36.5,34.5,29.5,32.0,29.1,32.85,31.4,30.5,33.85,35.85,31.9,30.8,28.1,28.7,27.25,27.3,23.45,22.8,21.1,24.75,22.85,22.45,21.85,23.0,24.55,22.85,24.95,27.0,28.1,23.2,22.85,22.5,22.2,21.9,18.1,21.75,23.75,22.8,23.6,23.35,22.0,22.45,22.25,22.95,20.7,20.85,20.5,21.0,19.1,22.95,20.65,19.05,21.75,21.25,20.0,18.35,18.15,19.1,16.8,16.05,15.6,15.9,15.7,15.9,16.6,15.2,14.45,16.4,15.41,16.25,15.45,13.15,14.5,14.5,13.5,12.97,16.47,14.96,14.69,16.25,16.05,15.15,12.45,14.55,14.0,12.9,12.16,13.3,14.53,14.8,12.5,10.46,7.73,8.67,9.51,10.52,14.05,11.06,12.14,15.3,16.11,17.36,14.45,11.7,10.45,10.75,10.29,11.43,13.74,15.33,14.69,15.9,13.85,16.95,16.95,15.6,12.95,13.7,14.25,13.7,13.0,15.15,16.05,12.35,11.55,10.0,9.12,8.97,7.51,6.35,5.85,6.73,6.02,6.11,6.0,6.14,5.73,5.42,4.67,6.0,5.4,4.38,4.83,5.79,6.02,6.59,6.31,5.15,5.69,5.13,4.26,4.04,4.06,4.43,5.36,5.94,6.25,5.2,5.21,4.93],"dates":["04 Sep 2009","14 Sep 2009","23 Sep 2009","05 Oct 2009","14 Oct 2009","23 Oct 2009","03 Nov 2009","11 Nov 2009","20 Nov 2009","01 Dec 2009","09 Dec 2009","17 Dec 2009","29 Dec 2009","07 Jan 2010","15 Jan 2010","27 Jan 2010","04 Feb 2010","11 Feb 2010","22 Feb 2010","03 Mar 2010","11 Mar 2010","19 Mar 2010","31 Mar 2010","09 Apr 2010","20 Apr 2010","28 Apr 2010","06 May 2010","14 May 2010","24 May 2010","02 Jun 2010","10 Jun 2010","18 Jun 2010","28 Jun 2010","06 Jul 2010","14 Jul 2010","22 Jul 2010","30 Jul 2010","09 Aug 2010","17 Aug 2010","25 Aug 2010","02 Sep 2010","13 Sep 2010","21 Sep 2010","29 Sep 2010","07 Oct 2010","15 Oct 2010","25 Oct 2010","02 Nov 2010","10 Nov 2010","19 Nov 2010","29 Nov 2010","07 Dec 2010","15 Dec 2010","24 Dec 2010","03 Jan 2011","11 Jan 2011","19 Jan 2011","28 Jan 2011","07 Feb 2011","15 Feb 2011","23 Feb 2011","04 Mar 2011","14 Mar 2011","22 Mar 2011","30 Mar 2011","07 Apr 2011","19 Apr 2011","28 Apr 2011","06 May 2011","17 May 2011","25 May 2011","02 Jun 2011","10 Jun 2011","20 Jun 2011","28 Jun 2011","07 Jul 2011","20 Jul 2011","02 Aug 2011","17 Aug 2011","29 Aug 2011","09 Sep 2011","19 Sep 2011","27 Sep 2011","05 Oct 2011","17 Oct 2011","01 Nov 2011","16 Nov 2011","25 Nov 2011","05 Dec 2011","14 Dec 2011","22 Dec 2011","02 Jan 2012","09 Jan 2012","17 Jan 2012","25 Jan 2012","06 Feb 2012","15 Feb 2012","24 Feb 2012","03 Mar 2012","13 Mar 2012","21 Mar 2012","29 Mar 2012","11 Apr 2012","24 Apr 2012","04 May 2012","14 May 2012","23 May 2012","09 Jul 2012","17 Jul 2012","26 Jul 2012","14 Aug 2012","05 Sep 2012","17 Sep 2012","27 Sep 2012","08 Oct 2012","18 Oct 2012","29 Oct 2012","06 Nov 2012","15 Nov 2012","26 Nov 2012","05 Dec 2012","13 Dec 2012","21 Dec 2012","01 Jan 2013","09 Jan 2013","18 Jan 2013","29 Jan 2013","06 Feb 2013","18 Feb 2013","26 Feb 2013","07 Mar 2013","15 Mar 2013","25 Mar 2013","08 Apr 2013","29 Apr 2013","08 May 2013","21 May 2013","16 Jul 2013","19 Aug 2013","03 Sep 2013","16 Sep 2013","24 Oct 2013","08 Nov 2013","25 Nov 2013","12 Dec 2013","30 Dec 2013","24 Jan 2014","11 Mar 2014","21 Mar 2014","28 Mar 2014","15 Apr 2014","25 Apr 2014","07 May 2014","15 May 2014","23 May 2014","02 Jun 2014","10 Jun 2014","18 Jun 2014","26 Jun 2014","04 Jul 2014","14 Jul 2014","23 Jul 2014","04 Aug 2014","14 Aug 2014","25 Aug 2014","03 Sep 2014","11 Sep 2014","19 Sep 2014","08 Oct 2014","20 Oct 2014","30 Oct 2014","11 Nov 2014","19 Nov 2014","27 Nov 2014","09 Dec 2014","22 Dec 2014","31 Dec 2014","09 Jan 2015","19 Jan 2015","02 Feb 2015","11 Feb 2015","23 Feb 2015","02 Mar 2015","13 Mar 2015","27 Mar 2015","17 Apr 2015","29 Apr 2015","11 May 2015","20 May 2015","02 Jun 2015","29 Jun 2015","14 Jul 2015","24 Jul 2015","14 Aug 2015","07 Sep 2015","30 Oct 2015","10 Nov 2015","20 Nov 2015","02 Dec 2015","10 Dec 2015","18 Dec 2015","30 Dec 2015","08 Jan 2016","25 Jan 2016","19 Feb 2016","09 Mar 2016","21 Mar 2016","20 Apr 2016","29 Apr 2016","09 May 2016","18 May 2016","15 Jun 2016","11 Jul 2016","22 Sep 2016","20 Oct 2016","28 Oct 2016","13 Feb 2017"],"id":"2549"},"stockPricesEventDays":{"exRightsStocks":{},"anncStocks":{},"recordStocks":{}}}