{"prime":"sa","number_set":{"balancesheet":[["Share Capital",{"2008-03-31":0.2,"2016-03-31":3.48,"2014-03-31":3.48,"2011-03-31":3.48,"2015-03-31":3.48,"2013-03-31":3.48,"2006-03-31":0.2,"2012-03-31":3.48,"2017-03-31":3.48,"2010-03-31":0.2,"2009-03-31":0.2,"2007-03-31":0.2}],["Reserves",{"2008-03-31":11.37,"2016-03-31":76.0,"2014-03-31":64.51,"2011-03-31":35.74,"2015-03-31":72.0,"2013-03-31":61.22,"2006-03-31":-3.66,"2012-03-31":52.89,"2017-03-31":85.16,"2010-03-31":11.58,"2009-03-31":11.32,"2007-03-31":-4.1}],["Borrowings",{"2008-03-31":23.33,"2016-03-31":0.0,"2014-03-31":10.23,"2011-03-31":29.22,"2015-03-31":0.0,"2013-03-31":11.98,"2006-03-31":24.97,"2012-03-31":29.21,"2017-03-31":0.0,"2010-03-31":24.02,"2009-03-31":24.55,"2007-03-31":39.67}],["Other Liabilities",{"2008-03-31":1.28,"2016-03-31":0.18,"2014-03-31":0.09,"2011-03-31":2.39,"2015-03-31":0.18,"2013-03-31":1.13,"2006-03-31":20.07,"2012-03-31":1.17,"2017-03-31":0.02,"2010-03-31":11.08,"2009-03-31":1.08,"2007-03-31":11.05}],["Total Liabilities",{"2008-03-31":36.18,"2016-03-31":79.66,"2014-03-31":78.31,"2011-03-31":70.83,"2015-03-31":75.66,"2013-03-31":77.81,"2006-03-31":41.58,"2012-03-31":86.75,"2017-03-31":88.66,"2010-03-31":46.88,"2009-03-31":37.15,"2007-03-31":46.82}],["Fixed Assets",{"2008-03-31":28.74,"2016-03-31":29.35,"2014-03-31":29.46,"2011-03-31":28.76,"2015-03-31":29.42,"2013-03-31":28.96,"2006-03-31":28.66,"2012-03-31":28.9,"2017-03-31":29.33,"2010-03-31":28.7,"2009-03-31":28.71,"2007-03-31":28.65}],["CWIP",{"2008-03-31":0.0,"2016-03-31":0.0,"2014-03-31":0.0,"2011-03-31":0.0,"2015-03-31":0.0,"2013-03-31":0.0,"2006-03-31":0.0,"2012-03-31":0.0,"2017-03-31":0.0,"2010-03-31":0.0,"2009-03-31":0.0,"2007-03-31":0.0}],["Investments",{"2008-03-31":0.17,"2016-03-31":0.22,"2014-03-31":0.22,"2011-03-31":0.39,"2015-03-31":0.22,"2013-03-31":0.54,"2006-03-31":0.16,"2012-03-31":0.54,"2017-03-31":0.22,"2010-03-31":0.23,"2009-03-31":0.17,"2007-03-31":0.17}],["Other Assets",{"2008-03-31":7.27,"2016-03-31":50.09,"2014-03-31":48.63,"2011-03-31":41.68,"2015-03-31":46.02,"2013-03-31":48.31,"2006-03-31":12.76,"2012-03-31":57.31,"2017-03-31":59.11,"2010-03-31":17.95,"2009-03-31":8.27,"2007-03-31":18.0}],["Total Assets",{"2008-03-31":36.18,"2016-03-31":79.66,"2014-03-31":78.31,"2011-03-31":70.83,"2015-03-31":75.66,"2013-03-31":77.81,"2006-03-31":41.58,"2012-03-31":86.75,"2017-03-31":88.66,"2010-03-31":46.88,"2009-03-31":37.15,"2007-03-31":46.82}]],"annual":[["Sales",{"2008-03-31":20.89,"2016-03-31":0.55,"2014-03-31":1.38,"2011-03-31":0.0,"2015-03-31":1.38,"2013-03-31":0.9,"2006-03-31":0.0,"2012-03-31":0.0,"2017-03-31":0.06,"2010-03-31":0.0,"2009-03-31":0.0,"2007-03-31":0.0}],["Expenses",{"2008-03-31":14.59,"2016-03-31":0.84,"2014-03-31":1.07,"2011-03-31":0.57,"2015-03-31":1.09,"2013-03-31":0.87,"2006-03-31":0.29,"2012-03-31":0.13,"2017-03-31":0.25,"2010-03-31":0.37,"2009-03-31":0.28,"2007-03-31":0.13}],["Operating Profit",{"2008-03-31":6.3,"2016-03-31":-0.29,"2014-03-31":0.31,"2011-03-31":-0.57,"2015-03-31":0.29,"2013-03-31":0.03,"2006-03-31":-0.29,"2012-03-31":-0.13,"2017-03-31":-0.19,"2010-03-31":-0.37,"2009-03-31":-0.28,"2007-03-31":-0.13}],["OPM",{"2008-03-31":30.16,"2016-03-31":-52.73,"2014-03-31":22.46,"2011-03-31":"--","2015-03-31":21.01,"2013-03-31":3.33,"2006-03-31":"--","2012-03-31":"--","2017-03-31":-316.67,"2010-03-31":"--","2009-03-31":"--","2007-03-31":"--"}],["Other Income",{"2008-03-31":1.15,"2016-03-31":4.33,"2014-03-31":3.37,"2011-03-31":27.53,"2015-03-31":7.36,"2013-03-31":8.37,"2006-03-31":0.19,"2012-03-31":17.31,"2017-03-31":9.35,"2010-03-31":0.65,"2009-03-31":0.26,"2007-03-31":1.7}],["Interest",{"2008-03-31":0.62,"2016-03-31":0.0,"2014-03-31":0.01,"2011-03-31":0.0,"2015-03-31":0.0,"2013-03-31":0.01,"2006-03-31":0.89,"2012-03-31":0.0,"2017-03-31":0.0,"2010-03-31":0.0,"2009-03-31":0.0,"2007-03-31":1.94}],["Depreciation",{"2008-03-31":0.02,"2016-03-31":0.03,"2014-03-31":0.05,"2011-03-31":0.02,"2015-03-31":0.08,"2013-03-31":0.06,"2006-03-31":0.0,"2012-03-31":0.02,"2017-03-31":0.02,"2010-03-31":0.02,"2009-03-31":0.02,"2007-03-31":0.0}],["Profit before tax",{"2008-03-31":6.81,"2016-03-31":4.0,"2014-03-31":3.62,"2011-03-31":26.94,"2015-03-31":7.57,"2013-03-31":8.33,"2006-03-31":-0.99,"2012-03-31":17.16,"2017-03-31":9.14,"2010-03-31":0.26,"2009-03-31":-0.04,"2007-03-31":-0.37}],["Tax",{"2008-03-31":0.83,"2016-03-31":0.0,"2014-03-31":0.34,"2011-03-31":0.0,"2015-03-31":0.08,"2013-03-31":0.0,"2006-03-31":0.0,"2012-03-31":0.0,"2017-03-31":-0.02,"2010-03-31":0.0,"2009-03-31":0.0,"2007-03-31":0.07}],["Net Profit",{"2008-03-31":5.98,"2016-03-31":4.0,"2014-03-31":3.29,"2011-03-31":26.94,"2015-03-31":7.49,"2013-03-31":8.33,"2006-03-31":-0.99,"2012-03-31":17.15,"2017-03-31":9.16,"2010-03-31":0.26,"2009-03-31":-0.04,"2007-03-31":-0.44}],["EPS (unadj)",{"2008-03-31":299.0,"2016-03-31":11.48,"2014-03-31":9.44,"2011-03-31":77.41,"2015-03-31":21.51,"2013-03-31":23.9,"2006-03-31":0.0,"2012-03-31":49.22,"2017-03-31":26.3,"2010-03-31":13.0,"2009-03-31":0.0,"2007-03-31":0.0}],["Dividend Payout",{"2008-03-31":0.0,"2016-03-31":0.0,"2014-03-31":0.0,"2011-03-31":0.0,"2015-03-31":0.0,"2013-03-31":0.0,"2006-03-31":-0.0,"2012-03-31":0.0,"2017-03-31":0.0,"2010-03-31":0.0,"2009-03-31":-0.0,"2007-03-31":-0.0}]],"cashflow":[["Cash from Operating Activity",{"2008-03-31":16.92,"2016-03-31":21.94,"2014-03-31":-1.55,"2011-03-31":0.0,"2015-03-31":2.5,"2013-03-31":0.0,"2006-03-31":0.01,"2012-03-31":-16.68,"2017-03-31":1.56,"2010-03-31":0.39,"2009-03-31":-1.22}],["Cash from Investing Activity",{"2008-03-31":-0.12,"2016-03-31":4.46,"2014-03-31":2.77,"2011-03-31":0.0,"2015-03-31":7.33,"2013-03-31":0.0,"2006-03-31":-24.94,"2012-03-31":16.91,"2017-03-31":9.25,"2010-03-31":0.26,"2009-03-31":0.07}],["Cash from Financing Activity",{"2008-03-31":-16.97,"2016-03-31":-0.06,"2014-03-31":-1.74,"2011-03-31":0.0,"2015-03-31":-10.2,"2013-03-31":0.0,"2006-03-31":20.05,"2012-03-31":0.0,"2017-03-31":0.0,"2010-03-31":-0.53,"2009-03-31":1.22}],["Net Cash Flow",{"2008-03-31":-0.17,"2016-03-31":26.34,"2014-03-31":-0.52,"2011-03-31":0.0,"2015-03-31":-0.38,"2013-03-31":0.0,"2006-03-31":-4.88,"2012-03-31":0.23,"2017-03-31":10.81,"2010-03-31":0.12,"2009-03-31":0.07}]],"quarters":[["Sales",{"2016-06-30":0.02,"2016-12-31":0.02,"2017-03-31":0.05,"2017-06-30":0.02,"2015-06-30":0.41,"2015-03-31":0.35,"2017-09-30":0.02,"2015-12-31":0.12,"2016-03-31":0.02,"2017-12-31":0.02,"2016-09-30":0.02,"2015-09-30":0.04}],["Expenses",{"2016-06-30":0.05,"2016-12-31":0.04,"2017-03-31":0.11,"2017-06-30":0.05,"2015-06-30":0.25,"2015-03-31":0.28,"2017-09-30":0.04,"2015-12-31":0.3,"2016-03-31":0.04,"2017-12-31":0.31,"2016-09-30":0.05,"2015-09-30":0.27}],["Operating Profit",{"2016-06-30":-0.03,"2016-12-31":-0.02,"2017-03-31":-0.06,"2017-06-30":-0.03,"2015-06-30":0.16,"2015-03-31":0.07,"2017-09-30":-0.02,"2015-12-31":-0.18,"2016-03-31":-0.02,"2017-12-31":-0.29,"2016-09-30":-0.03,"2015-09-30":-0.23}],["OPM",{"2016-06-30":-150.0,"2016-12-31":-100.0,"2017-03-31":-120.0,"2017-06-30":-150.0,"2015-06-30":39.02,"2015-03-31":20.0,"2017-09-30":-100.0,"2015-12-31":-150.0,"2016-03-31":-100.0,"2017-12-31":-1450.0,"2016-09-30":-150.0,"2015-09-30":-575.0}],["Other Income",{"2016-06-30":1.49,"2016-12-31":5.74,"2017-03-31":1.06,"2017-06-30":1.49,"2015-06-30":4.96,"2015-03-31":1.06,"2017-09-30":0.4,"2015-12-31":1.21,"2016-03-31":-4.29,"2017-12-31":0.5,"2016-09-30":1.04,"2015-09-30":2.42}],["Depreciation",{"2016-06-30":0.0,"2016-12-31":0.0,"2017-03-31":0.0,"2017-06-30":0.0,"2015-06-30":0.01,"2015-03-31":0.06,"2017-09-30":0.0,"2015-12-31":0.01,"2016-03-31":0.01,"2017-12-31":0.0,"2016-09-30":0.0,"2015-09-30":0.01}],["Interest",{"2016-06-30":0.0,"2016-12-31":0.0,"2017-03-31":0.0,"2017-06-30":0.0,"2015-06-30":0.0,"2015-03-31":0.0,"2017-09-30":0.0,"2015-12-31":0.0,"2016-03-31":0.0,"2017-12-31":0.0,"2016-09-30":0.0,"2015-09-30":0.0}],["Profit before tax",{"2016-06-30":1.46,"2016-12-31":5.71,"2017-03-31":1.0,"2017-06-30":1.46,"2015-06-30":5.11,"2015-03-31":1.07,"2017-09-30":0.37,"2015-12-31":1.02,"2016-03-31":-4.33,"2017-12-31":0.21,"2016-09-30":1.0,"2015-09-30":2.19}],["Tax",{"2016-06-30":0.0,"2016-12-31":0.0,"2017-03-31":0.0,"2017-06-30":0.0,"2015-06-30":0.05,"2015-03-31":0.02,"2017-09-30":0.0,"2015-12-31":0.0,"2016-03-31":0.0,"2017-12-31":-0.12,"2016-09-30":-0.01,"2015-09-30":0.0}],["Net Profit",{"2016-06-30":1.45,"2016-12-31":5.71,"2017-03-31":1.0,"2017-06-30":1.45,"2015-06-30":5.06,"2015-03-31":1.05,"2017-09-30":0.37,"2015-12-31":1.03,"2016-03-31":-4.33,"2017-12-31":0.32,"2016-09-30":1.01,"2015-09-30":2.19}]]},"bse_code":"505285","short_name":"Tulive Developer","nse_code":"","companyrating_set":[],"annualreport_set":[{"source":"bse","report_date":2017,"link":"http://www.bseindia.com/bseplus/AnnualReport/505285/5052850317.pdf"},{"source":"bse","report_date":2016,"link":"http://www.bseindia.com/bseplus/AnnualReport/505285/5052850316.pdf"},{"source":"bse","report_date":2015,"link":"http://www.bseindia.com/bseplus/AnnualReport/505285/5052850315.pdf"},{"source":"bse","report_date":2014,"link":"http://www.bseindia.com/bseplus/AnnualReport/505285/5052850314.pdf"},{"source":"bse","report_date":2010,"link":"http://www.bseindia.com/bseplus/annualreport/505285/5052850310.pdf"}],"announcement_set":[{"ann_date":"30 Apr 2018","announcement":"Certificate For The Half Year Ended 31St March 2018.","link":"https://www.bseindia.com/corporates/anndet_new.aspx?newsid\u003db4450beb-095e-4862-bdbd-6c874487b89e"},{"ann_date":"28 Apr 2018","announcement":"Compliance Certificate For The Half Yearly Ended 31St March 2018","link":"https://www.bseindia.com/corporates/anndet_new.aspx?newsid\u003d215a9091-57fd-47a4-aa22-8f4a71d7b617"},{"ann_date":"27 Apr 2018","announcement":"Compliance Certificate For The Half Yearly Ended 31St March 2018.","link":"https://www.bseindia.com/corporates/anndet_new.aspx?newsid\u003da9aaa789-8f76-43d0-a12d-2bd5988ceec2"},{"ann_date":"20 Apr 2018","announcement":"Shareholding for the Period Ended March 31, 2018","link":"https://www.bseindia.com/corporates/anndet_new.aspx?newsid\u003dc1ff1a58-da73-4933-afdc-a40a22cd171a"},{"ann_date":"18 Apr 2018","announcement":"Statement Of Investor Complaints For The Quarter Ended March 2018","link":"https://www.bseindia.com/corporates/anndet_new.aspx?newsid\u003d527554fa-1894-49fa-b982-fceb6312177e"}],"warehouse_set":{"high_price":180.0,"low_price":158.0,"sales_growth":37.5,"current_price":180.0,"dividend_yield":0.0,"face_value":10.0,"id":1617,"sales_growth_3years":-64.83,"profit_growth_5years":-11.73,"average_return_on_equity_3years":8.87,"book_value":344.59,"status":"Active","sales_growth_10years":-47.75,"average_return_on_equity_10years":7.63,"profit_growth":-18.23,"market_capitalization":47.42,"profit_growth_10years":4.85,"price_to_earning":15.15,"industry":"Other Industrial Goods","analysis":{"remarks":["Some businesses are provided tax benefits to encourage their development"],"bad":["Though the company is reporting repeated profits, it is not paying out dividend","Though the company is reporting regular profits, it is not paying out tax","Company has a low return on equity of 8.87% for last 3 years.","Earnings include an other income of Rs.3.45 Cr."],"good":["Company is virtually debt free.","Stock is trading at 0.52 times its book value"]},"result_type":"sa","profit_growth_3years":40.68,"return_on_equity":10.9,"average_return_on_equity_5years":9.01},"id":3492,"name":"Tulive Developers Ltd","screenerStockPrice":{"prices":[5.23,6.92,7.62,8.82,9.24,9.68,11.19,12.93,14.95,17.29,20.0,23.15,26.78,30.98,35.84,41.48,48.0,55.56,64.3,74.42,82.04,92.24,97.87,103.84,110.18,116.91,124.05,131.64,139.68,148.21,149.93,142.11,144.6,153.35,162.65,165.85,160.85,152.0,161.25,171.05,181.45,192.5,204.25,216.65,221.85,208.9,196.7,196.65,185.15,174.3,177.4,188.15,197.65,205.6,204.0,203.85,191.95,180.75,170.2,166.7,157.3,154.15,148.0,139.35,131.25,123.6,124.15,125.0,117.7,110.8,104.35,98.3,97.5,92.25,87.45,89.15,90.9,96.4,90.8,92.0,93.0,91.0,96.5,99.0,101.0,104.8,101.0,98.05,102.0,96.15,93.15,93.8,93.45,91.55,86.25,87.7,87.0,83.35,78.5,74.05,75.95,80.4,85.2,90.3,95.65,95.1,100.85,106.95,106.95,100.8,94.95,96.8,91.2,87.65,92.95,92.9,98.5,100.0,98.05,92.35,87.0,81.95,77.2,81.85,86.8,92.05,97.6,103.5,109.8,110.0,110.1,112.25,119.0,126.2,127.8,120.3,113.25,110.95,104.5,102.0,101.0,95.15,89.6,91.7,95.35,97.0,100.0,105.05,111.4,118.1,121.0,128.3,136.0,144.2,151.9,161.0,170.7,181.0,191.9,188.0,177.1,166.8,157.1,148.0,139.4,131.4,123.8,121.1,128.4,133.6,141.6,148.9,156.7,165.2,174.3,170.8,173.0,170.7,173.9,171.9,171.1,161.2,164.3,154.8,156.0,159.1,162.5,163.4,173.1,169.7,170.0,180.0,176.3,168.9,166.0,163.0,165.0,164.9,170.2,166.6,168.9,173.0,182.55,192.65,188.7,177.7,172.0,174.5,164.3,154.7,157.0,161.0,162.0,157.0,160.1,161.0,161.5,163.0,163.0,159.0,164.2,161.1,160.0,163.0,160.0,166.45,166.4,176.5],"dates":["06 Apr 2004","18 Jan 2006","22 Jun 2006","25 Jul 2006","22 Nov 2006","10 May 2010","19 May 2010","24 May 2010","02 Jun 2010","07 Jun 2010","11 Jun 2010","16 Jun 2010","21 Jun 2010","24 Jun 2010","29 Jun 2010","02 Jul 2010","07 Jul 2010","12 Jul 2010","15 Jul 2010","20 Jul 2010","23 Jul 2010","28 Jul 2010","02 Aug 2010","05 Aug 2010","10 Aug 2010","13 Aug 2010","18 Aug 2010","23 Aug 2010","26 Aug 2010","01 Sep 2010","14 Sep 2010","21 Sep 2010","30 Sep 2010","06 Oct 2010","11 Oct 2010","15 Oct 2010","20 Oct 2010","25 Oct 2010","02 Nov 2010","08 Nov 2010","12 Nov 2010","18 Nov 2010","23 Nov 2010","26 Nov 2010","01 Dec 2010","06 Dec 2010","09 Dec 2010","14 Dec 2010","21 Dec 2010","24 Dec 2010","03 Jan 2011","06 Jan 2011","11 Jan 2011","14 Jan 2011","19 Jan 2011","31 Jan 2011","08 Feb 2011","11 Feb 2011","16 Feb 2011","22 Feb 2011","04 Mar 2011","16 Mar 2011","05 May 2011","20 May 2011","02 Jun 2011","07 Jun 2011","10 Jun 2011","15 Jun 2011","21 Jun 2011","24 Jun 2011","29 Jun 2011","04 Jul 2011","07 Jul 2011","15 Jul 2011","22 Jul 2011","27 Jul 2011","05 Aug 2011","10 Aug 2011","22 Aug 2011","25 Aug 2011","08 Sep 2011","16 Sep 2011","03 Oct 2011","18 Oct 2011","08 Nov 2011","16 Nov 2011","29 Nov 2011","05 Dec 2011","23 Jan 2012","14 Feb 2012","21 Feb 2012","07 Mar 2012","26 Mar 2012","10 Apr 2012","04 May 2012","08 Jun 2012","13 Jun 2012","21 Aug 2012","05 Sep 2012","25 Sep 2012","08 Oct 2012","31 Oct 2012","06 Nov 2012","09 Nov 2012","15 Nov 2012","21 Nov 2012","26 Nov 2012","30 Nov 2012","07 Dec 2012","12 Dec 2012","04 Jan 2013","28 Feb 2013","05 Mar 2013","12 Mar 2013","18 Mar 2013","10 Oct 2013","28 Oct 2013","28 Nov 2013","12 Mar 2014","19 Mar 2014","31 Mar 2014","03 Apr 2014","11 Apr 2014","23 Apr 2014","29 Apr 2014","05 May 2014","08 May 2014","13 May 2014","16 May 2014","21 May 2014","27 May 2014","30 May 2014","04 Jun 2014","09 Jun 2014","12 Jun 2014","20 Jun 2014","27 Jun 2014","02 Jul 2014","01 Aug 2014","21 Aug 2014","17 Sep 2014","29 Sep 2014","28 Oct 2014","03 Nov 2014","19 Nov 2014","05 Dec 2014","29 Dec 2014","08 Jan 2015","14 Jan 2015","19 Jan 2015","22 Jan 2015","29 Jan 2015","04 Feb 2015","10 Feb 2015","16 Feb 2015","20 Feb 2015","26 Feb 2015","02 Mar 2015","05 Mar 2015","19 Mar 2015","24 Mar 2015","27 Mar 2015","08 Apr 2015","16 Apr 2015","06 May 2015","13 May 2015","20 May 2015","26 May 2015","18 Jun 2015","23 Jun 2015","06 Jul 2015","14 Jul 2015","24 Jul 2015","03 Aug 2015","06 Aug 2015","18 Aug 2015","21 Aug 2015","26 Aug 2015","01 Sep 2015","10 Sep 2015","30 Sep 2015","08 Oct 2015","15 Oct 2015","20 Oct 2015","03 Nov 2015","16 Nov 2015","19 Nov 2015","01 Dec 2015","23 Dec 2015","01 Jan 2016","07 Jan 2016","12 Jan 2016","20 Jan 2016","28 Jan 2016","09 Feb 2016","15 Feb 2016","24 Feb 2016","02 Mar 2016","14 Mar 2016","23 Mar 2016","31 Mar 2016","30 Jun 2016","13 Jul 2016","19 Jul 2016","27 Jul 2016","22 Aug 2016","25 Aug 2016","30 Aug 2016","09 Sep 2016","21 Sep 2016","11 Nov 2016","23 Dec 2016","03 Jan 2017","31 Jan 2017","07 Apr 2017","13 Apr 2017","19 Apr 2017","24 Apr 2017","27 Apr 2017","05 May 2017","12 May 2017","22 May 2017","25 May 2017","15 Jun 2017","27 Jun 2017","06 Jul 2017","23 Oct 2017","12 Feb 2018"],"id":"3492"},"stockPricesEventDays":{"exRightsStocks":{},"anncStocks":{},"recordStocks":{}}}