{"prime":"sa","number_set":{"balancesheet":[["Share Capital",{"2008-03-31":5.0,"2016-03-31":23.54,"2014-03-31":22.05,"2011-03-31":5.0,"2015-03-31":23.5,"2013-03-31":14.69,"2006-03-31":5.0,"2012-03-31":10.87,"2017-03-31":23.55,"2010-03-31":5.0,"2009-03-31":5.0,"2007-03-31":5.0}],["Reserves",{"2008-03-31":41.27,"2016-03-31":70.92,"2014-03-31":122.99,"2011-03-31":64.95,"2015-03-31":99.22,"2013-03-31":117.78,"2006-03-31":23.44,"2012-03-31":106.08,"2017-03-31":-10.9,"2010-03-31":57.16,"2009-03-31":49.78,"2007-03-31":28.7}],["Borrowings",{"2008-03-31":165.68,"2016-03-31":792.72,"2014-03-31":545.94,"2011-03-31":243.15,"2015-03-31":766.38,"2013-03-31":518.83,"2006-03-31":107.98,"2012-03-31":388.15,"2017-03-31":1020.99,"2010-03-31":223.78,"2009-03-31":175.22,"2007-03-31":123.34}],["Other Liabilities",{"2008-03-31":92.71,"2016-03-31":374.7,"2014-03-31":531.07,"2011-03-31":217.61,"2015-03-31":457.72,"2013-03-31":439.46,"2006-03-31":100.48,"2012-03-31":341.14,"2017-03-31":164.85,"2010-03-31":145.2,"2009-03-31":106.74,"2007-03-31":94.49}],["Total Liabilities",{"2008-03-31":304.66,"2016-03-31":1253.04,"2014-03-31":1214.69,"2011-03-31":530.71,"2015-03-31":1338.02,"2013-03-31":1090.76,"2006-03-31":236.9,"2012-03-31":846.24,"2017-03-31":1189.64,"2010-03-31":431.14,"2009-03-31":336.74,"2007-03-31":251.53}],["Fixed Assets",{"2008-03-31":80.57,"2016-03-31":315.2,"2014-03-31":334.31,"2011-03-31":105.35,"2015-03-31":321.25,"2013-03-31":98.08,"2006-03-31":47.23,"2012-03-31":103.03,"2017-03-31":608.85,"2010-03-31":106.94,"2009-03-31":98.15,"2007-03-31":45.78}],["CWIP",{"2008-03-31":5.32,"2016-03-31":292.12,"2014-03-31":220.88,"2011-03-31":41.13,"2015-03-31":269.8,"2013-03-31":393.95,"2006-03-31":0.0,"2012-03-31":219.33,"2017-03-31":0.94,"2010-03-31":0.15,"2009-03-31":4.83,"2007-03-31":18.87}],["Investments",{"2008-03-31":2.07,"2016-03-31":7.93,"2014-03-31":9.51,"2011-03-31":8.8,"2015-03-31":7.93,"2013-03-31":9.54,"2006-03-31":3.04,"2012-03-31":9.29,"2017-03-31":7.79,"2010-03-31":7.74,"2009-03-31":1.12,"2007-03-31":3.04}],["Other Assets",{"2008-03-31":216.7,"2016-03-31":637.79,"2014-03-31":649.99,"2011-03-31":375.43,"2015-03-31":739.04,"2013-03-31":589.19,"2006-03-31":186.63,"2012-03-31":514.59,"2017-03-31":572.06,"2010-03-31":316.31,"2009-03-31":232.64,"2007-03-31":183.84}],["Total Assets",{"2008-03-31":304.66,"2016-03-31":1253.04,"2014-03-31":1214.69,"2011-03-31":530.71,"2015-03-31":1338.02,"2013-03-31":1090.76,"2006-03-31":236.9,"2012-03-31":846.24,"2017-03-31":1189.64,"2010-03-31":431.14,"2009-03-31":336.74,"2007-03-31":251.53}]],"annual":[["Sales",{"2008-03-31":570.79,"2016-03-31":845.55,"2014-03-31":1284.87,"2011-03-31":781.26,"2015-03-31":1234.57,"2013-03-31":1147.97,"2006-03-31":328.23,"2012-03-31":1130.13,"2017-03-31":541.82,"2010-03-31":593.01,"2009-03-31":630.84,"2007-03-31":431.57}],["Expenses",{"2008-03-31":530.67,"2016-03-31":771.94,"2014-03-31":1231.1,"2011-03-31":721.99,"2015-03-31":1195.34,"2013-03-31":1085.67,"2012-03-31":1061.57,"2017-03-31":506.95,"2010-03-31":544.64,"2009-03-31":581.37}],["Operating Profit",{"2008-03-31":40.12,"2016-03-31":73.61,"2014-03-31":53.77,"2011-03-31":59.27,"2015-03-31":39.23,"2013-03-31":62.3,"2012-03-31":68.56,"2017-03-31":34.87,"2010-03-31":48.37,"2009-03-31":49.47}],["OPM",{"2008-03-31":7.03,"2016-03-31":8.71,"2014-03-31":4.18,"2011-03-31":7.59,"2015-03-31":3.18,"2013-03-31":5.43,"2012-03-31":6.07,"2017-03-31":6.44,"2010-03-31":8.16,"2009-03-31":7.84}],["Other Income",{"2008-03-31":1.52,"2016-03-31":3.44,"2014-03-31":5.46,"2011-03-31":1.78,"2015-03-31":5.7,"2013-03-31":5.37,"2006-03-31":0.91,"2012-03-31":5.75,"2017-03-31":1.23,"2010-03-31":4.45,"2009-03-31":3.14,"2007-03-31":1.54}],["Interest",{"2008-03-31":15.14,"2016-03-31":93.24,"2014-03-31":76.65,"2011-03-31":38.67,"2015-03-31":75.1,"2013-03-31":53.62,"2006-03-31":7.97,"2012-03-31":50.06,"2017-03-31":117.63,"2010-03-31":31.1,"2009-03-31":30.5,"2007-03-31":11.73}],["Depreciation",{"2008-03-31":6.26,"2016-03-31":15.86,"2014-03-31":21.68,"2011-03-31":8.58,"2015-03-31":17.21,"2013-03-31":9.02,"2006-03-31":3.53,"2012-03-31":8.85,"2017-03-31":22.28,"2010-03-31":8.13,"2009-03-31":7.25,"2007-03-31":4.01}],["Profit before tax",{"2008-03-31":20.24,"2016-03-31":-32.04,"2014-03-31":-39.09,"2011-03-31":13.8,"2015-03-31":-47.37,"2013-03-31":5.03,"2006-03-31":6.04,"2012-03-31":15.41,"2017-03-31":-103.8,"2010-03-31":13.59,"2009-03-31":14.86,"2007-03-31":8.89}],["Tax",{"2008-03-31":6.5,"2016-03-31":-3.38,"2014-03-31":21.81,"2011-03-31":4.46,"2015-03-31":-10.65,"2013-03-31":1.23,"2006-03-31":2.12,"2012-03-31":2.13,"2017-03-31":-21.95,"2010-03-31":5.1,"2009-03-31":5.35,"2007-03-31":2.78}],["Net Profit",{"2008-03-31":13.74,"2016-03-31":-28.66,"2014-03-31":-60.9,"2011-03-31":9.34,"2015-03-31":-36.72,"2013-03-31":3.8,"2006-03-31":3.92,"2012-03-31":13.29,"2017-03-31":-81.85,"2010-03-31":8.49,"2009-03-31":9.51,"2007-03-31":6.11}],["EPS (unadj)",{"2008-03-31":27.14,"2016-03-31":0.0,"2014-03-31":0.0,"2011-03-31":18.4,"2015-03-31":0.0,"2013-03-31":2.58,"2006-03-31":7.64,"2012-03-31":12.15,"2017-03-31":0.0,"2010-03-31":16.76,"2009-03-31":19.02,"2007-03-31":12.02}],["Dividend Payout",{"2008-03-31":7.28,"2016-03-31":-0.0,"2014-03-31":-0.0,"2011-03-31":10.71,"2015-03-31":-0.0,"2013-03-31":0.0,"2006-03-31":17.86,"2012-03-31":16.93,"2017-03-31":-0.0,"2010-03-31":11.78,"2009-03-31":10.52,"2007-03-31":12.27}]],"cashflow":[["Cash from Operating Activity",{"2008-03-31":7.04,"2016-03-31":97.17,"2014-03-31":93.32,"2011-03-31":63.26,"2015-03-31":-195.37,"2013-03-31":118.81,"2006-03-31":6.36,"2012-03-31":32.92,"2017-03-31":191.51,"2010-03-31":31.79,"2009-03-31":46.82,"2007-03-31":6.31}],["Cash from Investing Activity",{"2008-03-31":-25.76,"2016-03-31":-29.34,"2014-03-31":-80.17,"2011-03-31":-46.78,"2015-03-31":-38.23,"2013-03-31":-175.5,"2006-03-31":-10.62,"2012-03-31":-179.56,"2017-03-31":-23.18,"2010-03-31":-16.61,"2009-03-31":-21.15,"2007-03-31":-20.33}],["Cash from Financing Activity",{"2008-03-31":21.02,"2016-03-31":-99.81,"2014-03-31":-11.38,"2011-03-31":-14.62,"2015-03-31":262.5,"2013-03-31":55.48,"2006-03-31":4.25,"2012-03-31":146.64,"2017-03-31":-170.43,"2010-03-31":-10.52,"2009-03-31":-22.71,"2007-03-31":15.2}],["Net Cash Flow",{"2008-03-31":2.3,"2016-03-31":-31.98,"2014-03-31":1.77,"2011-03-31":1.86,"2015-03-31":28.9,"2013-03-31":-1.21,"2006-03-31":-0.01,"2012-03-31":0.0,"2017-03-31":-2.1,"2010-03-31":4.66,"2009-03-31":2.96,"2007-03-31":1.18}]],"quarters":[["Sales",{"2016-06-30":134.08,"2016-12-31":116.16,"2017-03-31":164.85,"2017-06-30":219.04,"2015-06-30":221.87,"2015-03-31":340.25,"2017-09-30":131.81,"2015-12-31":175.39,"2016-03-31":216.71,"2017-12-31":158.05,"2016-09-30":124.69,"2015-09-30":231.58}],["Expenses",{"2016-06-30":123.11,"2016-12-31":110.34,"2017-03-31":159.06,"2017-06-30":230.0,"2015-06-30":198.85,"2015-03-31":324.74,"2017-09-30":128.64,"2015-12-31":155.91,"2016-03-31":213.59,"2017-12-31":154.42,"2016-09-30":118.5,"2015-09-30":208.57}],["Operating Profit",{"2016-06-30":10.97,"2016-12-31":5.82,"2017-03-31":5.79,"2017-06-30":-10.96,"2015-06-30":23.02,"2015-03-31":15.51,"2017-09-30":3.17,"2015-12-31":19.48,"2016-03-31":3.12,"2017-12-31":3.63,"2016-09-30":6.19,"2015-09-30":23.01}],["OPM",{"2016-06-30":8.18,"2016-12-31":5.01,"2017-03-31":3.51,"2017-06-30":-5.0,"2015-06-30":10.38,"2015-03-31":4.56,"2017-09-30":2.4,"2015-12-31":11.11,"2016-03-31":1.44,"2017-12-31":2.3,"2016-09-30":4.96,"2015-09-30":9.94}],["Other Income",{"2016-06-30":0.15,"2016-12-31":0.26,"2017-03-31":-0.01,"2017-06-30":0.06,"2015-06-30":0.1,"2015-03-31":4.06,"2017-09-30":0.19,"2015-12-31":0.67,"2016-03-31":2.51,"2017-12-31":0.0,"2016-09-30":0.83,"2015-09-30":0.16}],["Depreciation",{"2016-06-30":4.25,"2016-12-31":6.52,"2017-03-31":6.4,"2017-06-30":6.58,"2015-06-30":4.42,"2015-03-31":2.6,"2017-09-30":6.58,"2015-12-31":4.42,"2016-03-31":2.59,"2017-12-31":6.58,"2016-09-30":5.97,"2015-09-30":4.42}],["Interest",{"2016-06-30":18.3,"2016-12-31":30.29,"2017-03-31":39.28,"2017-06-30":31.11,"2015-06-30":21.79,"2015-03-31":21.66,"2017-09-30":31.71,"2015-12-31":24.88,"2016-03-31":18.24,"2017-12-31":36.12,"2016-09-30":26.0,"2015-09-30":23.35}],["Profit before tax",{"2016-06-30":-11.44,"2016-12-31":-30.73,"2017-03-31":-39.9,"2017-06-30":-48.59,"2015-06-30":-3.09,"2015-03-31":-4.7,"2017-09-30":-34.93,"2015-12-31":-9.14,"2016-03-31":-15.2,"2017-12-31":-39.07,"2016-09-30":-24.94,"2015-09-30":-4.61}],["Tax",{"2016-06-30":0.0,"2016-12-31":0.0,"2017-03-31":-21.95,"2017-06-30":0.0,"2015-06-30":0.0,"2015-03-31":-10.65,"2017-09-30":0.0,"2015-12-31":0.0,"2016-03-31":-3.38,"2017-12-31":0.0,"2016-09-30":0.0,"2015-09-30":0.0}],["Net Profit",{"2016-06-30":-11.44,"2016-12-31":-30.73,"2017-03-31":-17.95,"2017-06-30":-48.59,"2015-06-30":-3.09,"2015-03-31":5.95,"2017-09-30":-34.93,"2015-12-31":-9.14,"2016-03-31":-11.82,"2017-12-31":-39.07,"2016-09-30":-24.94,"2015-09-30":-4.61}]]},"bse_code":"513629","short_name":"Tulsyan NEC","nse_code":"","companyrating_set":[{"rating__rating":"Rating Suspended","instrument":"Long Term Bank Loan  540.77 Crore (enhanced from Rs. 237.55 Cr)","rating__source":"brickworks","link":"http://google.com/search?btnI\u003d1\u0026q\u003dTulsyan NEC Ltd+site:brickworkratings.com"},{"rating__rating":"Rating Suspended","instrument":"Short Term Bank Loan  221.29 Crore","rating__source":"brickworks","link":"http://google.com/search?btnI\u003d1\u0026q\u003dTulsyan NEC Ltd+site:brickworkratings.com"}],"annualreport_set":[{"source":"bse","report_date":2017,"link":"http://www.bseindia.com/bseplus/AnnualReport/513629/5136290317.pdf"},{"source":"bse","report_date":2016,"link":"http://www.bseindia.com/bseplus/AnnualReport/513629/5136290316.pdf"},{"source":"bse","report_date":2015,"link":"http://www.bseindia.com/bseplus/AnnualReport/513629/5136290315.pdf"},{"source":"bse","report_date":2014,"link":"http://www.bseindia.com/bseplus/AnnualReport/513629/5136290314.pdf"},{"source":"bse","report_date":2013,"link":"http://www.bseindia.com/bseplus/annualreport/513629/5136290313.pdf"},{"source":"bse","report_date":2012,"link":"http://www.bseindia.com/bseplus/annualreport/513629/5136290312.PDF"},{"source":"bse","report_date":2011,"link":"http://www.bseindia.com/bseplus/annualreport/513629/5136290311.pdf"},{"source":"bse","report_date":2010,"link":"http://www.bseindia.com/bseplus/annualreport/513629/5136290310.pdf"}],"announcement_set":[{"ann_date":"21 Apr 2018","announcement":"Shareholding for the Period Ended March 31, 2018","link":"https://www.bseindia.com/corporates/anndet_new.aspx?newsid\u003d2acae5f7-57ab-4fe0-ab64-c1cd9e8085ed"},{"ann_date":"20 Apr 2018","announcement":"Compliance Certificate For The Period Ended 31St March,2018","link":"https://www.bseindia.com/corporates/anndet_new.aspx?newsid\u003dac694481-2822-4f70-b460-68cdfb778d30"},{"ann_date":"20 Apr 2018","announcement":"Statement Of Investor Complaints For The Quarter Ended March 2018","link":"https://www.bseindia.com/corporates/anndet_new.aspx?newsid\u003d659b49b0-d6e1-454a-991e-9931926e2f8c"},{"ann_date":"13 Feb 2018","announcement":"Financial Results For The Quarter And Nine Months Ended On 31St December,2017","link":"https://www.bseindia.com/corporates/anndet_new.aspx?newsid\u003dd09e1f98-2263-4cdd-9a24-d24be3fa9d78"},{"ann_date":"07 Feb 2018","announcement":"Submission Of Revised Financial Results For The Quarter And Year Ended 31St March,2017","link":"http://www.bseindia.com/corporates/anndet_new.aspx?newsid\u003dab4b6335-ed81-4d0f-b5eb-3884ff57d6f6"}],"warehouse_set":{"high_price":28.85,"low_price":12.65,"sales_growth":13.88,"current_price":12.7,"dividend_yield":0.0,"face_value":10.0,"id":2825,"sales_growth_3years":-25.01,"average_return_on_equity_3years":-31.38,"book_value":-79.19,"status":"Active","pair_url":"/company/513629/consolidated","sales_growth_10years":-0.58,"average_return_on_equity_10years":-7.05,"profit_growth":-78.06,"market_capitalization":19.05,"industry":"Iron \u0026amp; Steel/Interm.Products","analysis":{"remarks":[],"bad":["Company has low interest coverage ratio.","The company has delivered a poor growth of -13.67% over past five years.","Company has a low return on equity of -31.38% for last 3 years.","Contingent liabilities of Rs.6.83 Cr.","Promoters have pledged 99.63% of their holding"],"good":["Promoter\u0027s stake has increased"]},"result_type":"sa","sales_growth_5years":-13.67,"return_on_equity":-177.59,"average_return_on_equity_5years":-25.43},"id":3494,"name":"Tulsyan NEC Ltd","screenerStockPrice":{"prices":[18.4,16.85,13.5,10.39,8.77,12.5,12.4,9.94,12.89,13.0,15.85,18.9,20.9,22.6,27.45,27.15,42.2,30.3,42.35,38.3,36.6,38.35,36.5,41.05,42.75,39.5,45.5,45.15,69.1,63.3,58.9,46.5,58.5,61.8,56.95,54.05,46.05,46.8,42.15,50.45,49.5,39.15,28.15,30.95,27.1,35.85,37.3,37.15,44.55,47.25,41.1,41.1,44.1,47.85,49.0,39.2,41.15,47.35,43.45,46.1,45.85,45.8,64.6,63.5,78.35,71.5,70.75,75.45,83.85,111.65,115.25,101.85,100.3,85.85,80.25,92.0,100.7,91.55,88.0,88.0,106.15,117.85,106.7,84.65,59.05,56.0,45.0,47.95,48.05,37.45,32.0,36.4,48.65,49.95,62.25,54.9,48.15,51.0,57.6,58.95,57.05,56.9,53.8,57.0,61.6,69.35,89.2,73.0,71.1,77.55,79.55,75.5,76.75,83.8,86.35,77.75,73.5,77.15,86.3,80.0,75.9,67.0,70.0,67.5,59.2,56.55,49.15,49.45,47.5,45.6,47.25,47.15,47.2,41.4,39.45,39.15,37.0,38.8,34.15,29.55,38.65,38.3,40.15,45.5,40.9,39.7,40.1,40.65,39.9,40.95,39.0,36.3,38.35,38.7,38.05,35.55,37.95,36.6,36.15,35.35,31.0,25.8,26.9,25.7,23.95,17.3,17.85,18.35,26.5,28.0,24.0,17.0,19.4,20.9,20.15,24.95,31.25,29.5,26.5,23.45,23.3,25.15,23.6,20.15,17.0,18.35,17.05,15.05,17.05,14.45,12.5,23.19,22.4,17.2,18.2,21.0,18.5,18.3,21.85,17.9,16.8,18.95,19.8,21.0,23.1,21.6,22.0,17.0,17.95,15.5],"dates":["17 Dec 2003","07 Jan 2004","30 Jan 2004","04 Mar 2004","30 Mar 2004","27 Apr 2004","20 May 2004","17 Jun 2004","22 Jul 2004","11 Aug 2004","01 Sep 2004","21 Sep 2004","09 Oct 2004","02 Nov 2004","23 Nov 2004","14 Dec 2004","03 Jan 2005","24 Jan 2005","14 Feb 2005","04 Mar 2005","24 Mar 2005","15 Apr 2005","05 May 2005","25 May 2005","13 Jun 2005","01 Jul 2005","21 Jul 2005","11 Aug 2005","01 Sep 2005","22 Sep 2005","13 Oct 2005","02 Nov 2005","25 Nov 2005","14 Dec 2005","03 Jan 2006","24 Jan 2006","15 Feb 2006","07 Mar 2006","28 Mar 2006","20 Apr 2006","10 May 2006","30 May 2006","19 Jun 2006","06 Jul 2006","26 Jul 2006","16 Aug 2006","05 Sep 2006","25 Sep 2006","16 Oct 2006","06 Nov 2006","24 Nov 2006","14 Dec 2006","05 Jan 2007","25 Jan 2007","19 Feb 2007","09 Mar 2007","30 Mar 2007","20 Apr 2007","14 May 2007","01 Jun 2007","21 Jun 2007","11 Jul 2007","31 Jul 2007","21 Aug 2007","10 Sep 2007","28 Sep 2007","19 Oct 2007","08 Nov 2007","28 Nov 2007","18 Dec 2007","09 Jan 2008","29 Jan 2008","18 Feb 2008","10 Mar 2008","01 Apr 2008","23 Apr 2008","14 May 2008","04 Jun 2008","24 Jun 2008","14 Jul 2008","01 Aug 2008","22 Aug 2008","12 Sep 2008","03 Oct 2008","24 Oct 2008","17 Nov 2008","08 Dec 2008","30 Dec 2008","20 Jan 2009","10 Feb 2009","06 Mar 2009","31 Mar 2009","24 Apr 2009","19 May 2009","08 Jun 2009","26 Jun 2009","16 Jul 2009","05 Aug 2009","25 Aug 2009","14 Sep 2009","07 Oct 2009","28 Oct 2009","18 Nov 2009","08 Dec 2009","30 Dec 2009","20 Jan 2010","09 Feb 2010","03 Mar 2010","23 Mar 2010","15 Apr 2010","05 May 2010","25 May 2010","14 Jun 2010","02 Jul 2010","22 Jul 2010","11 Aug 2010","31 Aug 2010","21 Sep 2010","11 Oct 2010","29 Oct 2010","19 Nov 2010","09 Dec 2010","30 Dec 2010","19 Jan 2011","09 Feb 2011","01 Mar 2011","22 Mar 2011","11 Apr 2011","04 May 2011","24 May 2011","13 Jun 2011","01 Jul 2011","21 Jul 2011","10 Aug 2011","02 Sep 2011","22 Sep 2011","13 Oct 2011","04 Nov 2011","28 Nov 2011","20 Dec 2011","10 Jan 2012","31 Jan 2012","21 Feb 2012","12 Mar 2012","30 Mar 2012","23 Apr 2012","15 May 2012","05 Jun 2012","27 Jun 2012","17 Jul 2012","07 Aug 2012","30 Aug 2012","18 Sep 2012","10 Oct 2012","01 Nov 2012","22 Nov 2012","14 Dec 2012","04 Jan 2013","28 Jan 2013","18 Feb 2013","12 Mar 2013","04 Apr 2013","24 May 2013","26 Jun 2013","17 Jul 2013","06 Aug 2013","06 Sep 2013","21 Oct 2013","21 Nov 2013","31 Dec 2013","24 Jan 2014","21 Feb 2014","14 Mar 2014","15 Apr 2014","14 May 2014","05 Jun 2014","25 Jun 2014","16 Jul 2014","07 Aug 2014","01 Sep 2014","23 Sep 2014","20 Oct 2014","18 Nov 2014","11 Dec 2014","06 Jan 2015","04 Feb 2015","02 Mar 2015","26 Mar 2015","21 Apr 2015","01 Jun 2015","01 Jul 2015","21 Jul 2015","12 Aug 2015","08 Sep 2015","08 Oct 2015","29 Oct 2015","24 Nov 2015","15 Dec 2015","06 Jan 2016","04 Feb 2016","14 Mar 2016","25 Apr 2016","19 May 2016","10 Jun 2016","14 Jul 2016","05 Aug 2016","26 Aug 2016","23 Sep 2016","25 Oct 2016","24 Nov 2016"],"id":"3494"},"stockPricesEventDays":{"exRightsStocks":{"20110215":61.0,"20110216":62.0,"20110217":60.75,"20110218":59.45,"20110211":54.05,"20110214":58.35,"20110221":63.15,"20110307":51.0,"20110308":49.75,"20110309":49.3,"20110303":56.75,"20110304":52.85,"20110228":55.95,"20110222":65.55,"20110223":64.55,"20110301":56.55,"20110224":60.35,"20110225":58.8,"20110318":49.0,"20110314":47.35,"20110315":48.85,"20110118":67.4,"20110316":49.05,"20110119":67.5,"20110317":49.75,"20110310":47.05,"20110311":45.55,"20110120":64.25,"20110121":64.1,"20110208":60.05,"20110329":46.65,"20110209":59.2,"20110204":62.85,"20110127":65.3,"20110325":49.15,"20110128":63.15,"20110207":64.15,"20110328":48.3,"20110321":48.4,"20110201":63.05,"20110124":64.4,"20110322":49.15,"20110202":63.1,"20110125":65.35,"20110323":49.05,"20110203":63.25,"20110324":48.35,"20110131":61.75,"20110210":52.25},"anncStocks":{"20090720":49.3,"20090721":53.0,"20090722":56.6,"20090723":58.45,"20090724":58.2,"20090803":48.95,"20090804":48.65,"20090727":58.1,"20090805":51.0,"20090728":57.4,"20090806":49.6,"20090729":54.95,"20090807":48.2,"20090730":53.8,"20090731":57.3,"20090810":46.55,"20090811":47.65,"20090812":46.15,"20090813":50.95,"20090814":51.3,"20090817":50.0,"20090818":60.0,"20090819":55.05,"20090820":56.5,"20090821":55.3,"20090701":52.7,"20090702":54.5,"20090703":53.05,"20090824":56.85,"20090901":58.7,"20090825":57.6,"20090902":60.5,"20090826":57.05,"20090903":63.65,"20090706":51.0,"20090629":54.9,"20090827":56.85,"20090904":64.85,"20090707":49.15,"20090828":57.85,"20090708":46.85,"20090709":46.5,"20090630":53.65,"20090710":45.25,"20090831":57.85,"20090713":43.2,"20090714":44.85,"20090715":49.2,"20090716":48.15,"20090717":49.95},"recordStocks":{"20110215":61.0,"20110216":62.0,"20110217":60.75,"20110218":59.45,"20110211":54.05,"20110214":58.35,"20110221":63.15,"20110307":51.0,"20110308":49.75,"20110309":49.3,"20110303":56.75,"20110304":52.85,"20110228":55.95,"20110222":65.55,"20110223":64.55,"20110301":56.55,"20110224":60.35,"20110225":58.8,"20110318":49.0,"20110314":47.35,"20110315":48.85,"20110316":49.05,"20110317":49.75,"20110310":47.05,"20110311":45.55,"20110120":64.25,"20110121":64.1,"20110208":60.05,"20110329":46.65,"20110209":59.2,"20110204":62.85,"20110127":65.3,"20110325":49.15,"20110128":63.15,"20110207":64.15,"20110328":48.3,"20110321":48.4,"20110201":63.05,"20110124":64.4,"20110322":49.15,"20110202":63.1,"20110125":65.35,"20110323":49.05,"20110203":63.25,"20110324":48.35,"20110131":61.75,"20110330":46.5,"20110210":52.25,"20110331":47.7}}}