{"prime":"sa","number_set":{"balancesheet":[["Share Capital",{"2008-03-31":17.07,"2016-03-31":17.07,"2014-03-31":17.07,"2011-03-31":17.07,"2015-03-31":17.07,"2013-03-31":17.07,"2006-03-31":12.33,"2012-03-31":17.07,"2010-03-31":17.07,"2009-03-31":17.07,"2007-03-31":12.33}],["Reserves",{"2008-03-31":22.83,"2016-03-31":-403.82,"2014-03-31":-74.15,"2011-03-31":111.03,"2015-03-31":-235.59,"2013-03-31":96.9,"2006-03-31":-45.55,"2012-03-31":114.36,"2010-03-31":84.57,"2009-03-31":66.22,"2007-03-31":-42.92}],["Borrowings",{"2008-03-31":5.35,"2016-03-31":48.5,"2014-03-31":53.03,"2011-03-31":67.46,"2015-03-31":45.95,"2013-03-31":148.34,"2006-03-31":108.13,"2012-03-31":134.12,"2010-03-31":65.69,"2009-03-31":7.05,"2007-03-31":48.73}],["Other Liabilities",{"2008-03-31":97.95,"2016-03-31":598.19,"2014-03-31":555.33,"2011-03-31":339.26,"2015-03-31":552.77,"2013-03-31":394.39,"2006-03-31":137.96,"2012-03-31":309.18,"2010-03-31":202.83,"2009-03-31":115.55,"2007-03-31":83.56}],["Total Liabilities",{"2008-03-31":143.2,"2016-03-31":259.94,"2014-03-31":551.28,"2011-03-31":534.82,"2015-03-31":380.2,"2013-03-31":656.7,"2006-03-31":212.87,"2012-03-31":574.73,"2010-03-31":370.16,"2009-03-31":205.89,"2007-03-31":101.7}],["Fixed Assets",{"2008-03-31":29.64,"2016-03-31":87.7,"2014-03-31":106.03,"2011-03-31":73.12,"2015-03-31":96.0,"2013-03-31":116.29,"2006-03-31":32.03,"2012-03-31":82.0,"2010-03-31":48.18,"2009-03-31":40.7,"2007-03-31":27.57}],["CWIP",{"2008-03-31":0.0,"2016-03-31":0.0,"2014-03-31":0.23,"2011-03-31":6.4,"2015-03-31":0.0,"2013-03-31":0.21,"2006-03-31":0.0,"2012-03-31":42.3,"2010-03-31":1.8,"2009-03-31":0.88,"2007-03-31":0.0}],["Investments",{"2008-03-31":0.01,"2016-03-31":0.0,"2014-03-31":1.66,"2011-03-31":0.13,"2015-03-31":0.02,"2013-03-31":1.66,"2006-03-31":0.01,"2012-03-31":1.66,"2010-03-31":0.02,"2009-03-31":0.01,"2007-03-31":0.01}],["Other Assets",{"2008-03-31":113.55,"2016-03-31":172.24,"2014-03-31":443.36,"2011-03-31":455.17,"2015-03-31":284.18,"2013-03-31":538.54,"2006-03-31":180.83,"2012-03-31":448.77,"2010-03-31":320.16,"2009-03-31":164.3,"2007-03-31":74.12}],["Total Assets",{"2008-03-31":143.2,"2016-03-31":259.94,"2014-03-31":551.28,"2011-03-31":534.82,"2015-03-31":380.2,"2013-03-31":656.7,"2006-03-31":212.87,"2012-03-31":574.73,"2010-03-31":370.16,"2009-03-31":205.89,"2007-03-31":101.7}]],"annual":[["Sales",{"2008-03-31":264.59,"2016-03-31":78.36,"2014-03-31":304.89,"2011-03-31":610.81,"2015-03-31":118.36,"2013-03-31":580.37,"2006-03-31":229.13,"2012-03-31":531.84,"2010-03-31":526.8,"2009-03-31":453.11,"2007-03-31":216.29}],["Expenses",{"2008-03-31":246.34,"2016-03-31":187.66,"2014-03-31":428.58,"2011-03-31":554.72,"2015-03-31":234.96,"2013-03-31":540.91,"2006-03-31":235.64,"2012-03-31":492.33,"2010-03-31":478.72,"2009-03-31":420.8,"2007-03-31":285.1}],["Operating Profit",{"2008-03-31":18.25,"2016-03-31":-109.3,"2014-03-31":-123.69,"2011-03-31":56.09,"2015-03-31":-116.6,"2013-03-31":39.46,"2006-03-31":-6.51,"2012-03-31":39.51,"2010-03-31":48.08,"2009-03-31":32.31,"2007-03-31":-68.81}],["OPM",{"2008-03-31":6.9,"2016-03-31":-139.48,"2014-03-31":-40.57,"2011-03-31":9.18,"2015-03-31":-98.51,"2013-03-31":6.8,"2006-03-31":-2.84,"2012-03-31":7.43,"2010-03-31":9.13,"2009-03-31":7.13,"2007-03-31":-31.81}],["Other Income",{"2008-03-31":1.98,"2016-03-31":1.02,"2014-03-31":2.39,"2011-03-31":1.76,"2015-03-31":2.47,"2013-03-31":2.97,"2006-03-31":1.75,"2012-03-31":2.45,"2010-03-31":3.99,"2009-03-31":3.14,"2007-03-31":77.66}],["Interest",{"2008-03-31":6.31,"2016-03-31":51.67,"2014-03-31":39.34,"2011-03-31":14.34,"2015-03-31":38.85,"2013-03-31":30.21,"2006-03-31":17.26,"2012-03-31":20.4,"2010-03-31":8.16,"2009-03-31":4.84,"2007-03-31":5.03}],["Depreciation",{"2008-03-31":0.73,"2016-03-31":8.29,"2014-03-31":10.43,"2011-03-31":5.85,"2015-03-31":8.62,"2013-03-31":11.2,"2006-03-31":0.86,"2012-03-31":9.09,"2010-03-31":3.75,"2009-03-31":2.09,"2007-03-31":0.77}],["Profit before tax",{"2008-03-31":13.19,"2016-03-31":-168.23,"2014-03-31":-171.06,"2011-03-31":37.66,"2015-03-31":-161.59,"2013-03-31":1.02,"2006-03-31":-22.88,"2012-03-31":12.49,"2010-03-31":40.16,"2009-03-31":28.52,"2007-03-31":3.05}],["Tax",{"2008-03-31":0.35,"2016-03-31":0.0,"2014-03-31":0.0,"2011-03-31":11.21,"2015-03-31":-0.83,"2013-03-31":0.2,"2006-03-31":-3.02,"2012-03-31":9.15,"2010-03-31":9.48,"2009-03-31":7.38,"2007-03-31":0.43}],["Net Profit",{"2008-03-31":12.84,"2016-03-31":-168.23,"2014-03-31":-171.06,"2011-03-31":26.45,"2015-03-31":-160.76,"2013-03-31":0.81,"2006-03-31":-19.86,"2012-03-31":3.33,"2010-03-31":30.68,"2009-03-31":21.14,"2007-03-31":2.62}],["EPS (unadj)",{"2008-03-31":7.52,"2016-03-31":0.0,"2014-03-31":0.0,"2011-03-31":15.5,"2015-03-31":0.0,"2013-03-31":0.48,"2006-03-31":0.0,"2012-03-31":1.95,"2010-03-31":17.97,"2009-03-31":12.38,"2007-03-31":2.12}],["Dividend Payout",{"2008-03-31":0.0,"2016-03-31":-0.0,"2014-03-31":-0.0,"2011-03-31":0.0,"2015-03-31":-0.0,"2013-03-31":0.0,"2006-03-31":-0.0,"2012-03-31":0.0,"2010-03-31":0.0,"2009-03-31":0.0,"2007-03-31":0.0}]],"cashflow":[["Cash from Operating Activity",{"2008-03-31":17.14,"2016-03-31":-46.28,"2014-03-31":-48.97,"2011-03-31":5.71,"2015-03-31":-48.25,"2013-03-31":-18.93,"2006-03-31":7.82,"2012-03-31":20.19,"2010-03-31":-22.51,"2009-03-31":14.39,"2007-03-31":1.61}],["Cash from Investing Activity",{"2008-03-31":-5.27,"2016-03-31":0.58,"2014-03-31":0.66,"2011-03-31":-27.17,"2015-03-31":0.7,"2013-03-31":-2.49,"2006-03-31":-0.18,"2012-03-31":-53.29,"2010-03-31":-10.25,"2009-03-31":-4.18,"2007-03-31":-0.18}],["Cash from Financing Activity",{"2008-03-31":8.23,"2016-03-31":44.02,"2014-03-31":38.45,"2011-03-31":10.36,"2015-03-31":41.62,"2013-03-31":11.31,"2006-03-31":-5.52,"2012-03-31":23.33,"2010-03-31":50.48,"2009-03-31":-3.14,"2007-03-31":-0.28}],["Net Cash Flow",{"2008-03-31":20.1,"2016-03-31":-1.68,"2014-03-31":-9.86,"2011-03-31":-11.1,"2015-03-31":-5.93,"2013-03-31":-10.11,"2006-03-31":2.12,"2012-03-31":-9.77,"2010-03-31":17.72,"2009-03-31":7.07,"2007-03-31":1.15}]],"quarters":[["Sales",{"2016-06-30":15.13,"2016-12-31":8.52,"2014-06-30":33.75,"2014-09-30":37.63,"2014-03-31":91.56,"2015-06-30":14.08,"2015-03-31":21.48,"2014-12-31":26.13,"2015-12-31":17.01,"2016-03-31":26.1,"2016-09-30":7.55,"2015-09-30":21.68}],["Expenses",{"2016-06-30":17.51,"2016-12-31":15.89,"2014-06-30":80.9,"2014-09-30":55.14,"2014-03-31":140.26,"2015-06-30":41.83,"2015-03-31":62.58,"2014-12-31":36.33,"2015-12-31":35.42,"2016-03-31":81.73,"2016-09-30":14.45,"2015-09-30":28.67}],["Operating Profit",{"2016-06-30":-2.38,"2016-12-31":-7.37,"2014-06-30":-47.15,"2014-09-30":-17.51,"2014-03-31":-48.7,"2015-06-30":-27.75,"2015-03-31":-41.1,"2014-12-31":-10.2,"2015-12-31":-18.41,"2016-03-31":-55.63,"2016-09-30":-6.9,"2015-09-30":-6.99}],["OPM",{"2016-06-30":-15.73,"2016-12-31":-86.5,"2014-06-30":-139.7,"2014-09-30":-46.53,"2014-03-31":-53.19,"2015-06-30":-197.09,"2015-03-31":-191.34,"2014-12-31":-39.04,"2015-12-31":-108.23,"2016-03-31":-213.14,"2016-09-30":-91.39,"2015-09-30":-32.24}],["Other Income",{"2016-06-30":0.81,"2016-12-31":0.01,"2014-06-30":0.02,"2014-09-30":0.02,"2014-03-31":0.12,"2015-06-30":0.01,"2015-03-31":1.78,"2014-12-31":0.02,"2015-12-31":0.3,"2016-03-31":0.2,"2016-09-30":0.01,"2015-09-30":0.0}],["Depreciation",{"2016-06-30":2.2,"2016-12-31":2.05,"2014-06-30":2.43,"2014-09-30":2.4,"2014-03-31":2.51,"2015-06-30":2.14,"2015-03-31":1.4,"2014-12-31":2.39,"2015-12-31":2.06,"2016-03-31":2.03,"2016-09-30":2.05,"2015-09-30":2.06}],["Interest",{"2016-06-30":13.18,"2016-12-31":14.82,"2014-06-30":10.73,"2014-09-30":9.31,"2014-03-31":11.52,"2015-06-30":10.5,"2015-03-31":9.18,"2014-12-31":9.63,"2015-12-31":12.55,"2016-03-31":16.4,"2016-09-30":14.37,"2015-09-30":12.22}],["Profit before tax",{"2016-06-30":-16.95,"2016-12-31":-24.23,"2014-06-30":-60.29,"2014-09-30":-29.2,"2014-03-31":-62.61,"2015-06-30":-40.38,"2015-03-31":-49.9,"2014-12-31":-22.2,"2015-12-31":-32.72,"2016-03-31":-73.86,"2016-09-30":-23.31,"2015-09-30":-21.27}],["Tax",{"2016-06-30":0.17,"2016-12-31":0.0,"2014-06-30":0.0,"2014-09-30":0.0,"2014-03-31":0.0,"2015-06-30":0.0,"2015-03-31":-0.83,"2014-12-31":0.0,"2015-12-31":0.0,"2016-03-31":0.0,"2016-09-30":0.0,"2015-09-30":0.0}],["Net Profit",{"2016-06-30":-17.12,"2016-12-31":-24.23,"2014-06-30":-60.29,"2014-09-30":-29.2,"2014-03-31":-62.61,"2015-06-30":-40.38,"2015-03-31":-49.07,"2014-12-31":-22.2,"2015-12-31":-32.72,"2016-03-31":-73.86,"2016-09-30":-23.31,"2015-09-30":-21.27}]]},"bse_code":"509992","short_name":"UB Engg.","nse_code":"UBENGG","companyrating_set":[{"rating__rating":"[ICRA]D","instrument":"Bank Loan Rating-Long Term","rating__source":"icra","link":"http://icra.in/search.aspx?word\u003dUB Engineering Ltd"},{"rating__rating":"[ICRA]D","instrument":"Bank Loan Rating-Short Term","rating__source":"icra","link":"http://icra.in/search.aspx?word\u003dUB Engineering Ltd"},{"rating__rating":"[ICRA]D","instrument":"Corporate Debt Rating-Long Term","rating__source":"icra","link":"http://icra.in/search.aspx?word\u003dUB Engineering Ltd"},{"rating__rating":"[ICRA]D","instrument":"Corporate Debt Rating-Short Term","rating__source":"icra","link":"http://icra.in/search.aspx?word\u003dUB Engineering Ltd"}],"annualreport_set":[{"source":"bse","report_date":2014,"link":"http://www.bseindia.com/bseplus/AnnualReport/509992/5099920314.pdf"},{"source":"bse","report_date":2013,"link":"http://www.bseindia.com/bseplus/annualreport/509992/5099920313.pdf"},{"source":"nse","report_date":2013,"link":"http://nseindia.com/annual_reports/AR_1842_UBENGG_2012_2013_17092013173059.zip"},{"source":"bse","report_date":2012,"link":"http://www.bseindia.com/bseplus/annualreport/509992/5099920312.pdf"},{"source":"nse","report_date":2012,"link":"http://nseindia.com/annual_reports/AR_UBENGG_2011_2012_14092012123746.zip"},{"source":"bse","report_date":2011,"link":"http://www.bseindia.com/bseplus/annualreport/509992/5099920311.pdf"},{"source":"nse","report_date":2011,"link":"http://nseindia.com/annual_reports/AR_UBENGG_2010_2011_23092011045151.zip"},{"source":"bse","report_date":2010,"link":"http://www.bseindia.com/bseplus/annualreport/509992/5099920310.pdf"},{"source":"nse","report_date":2010,"link":"http://nseindia.com/annual_reports/AR_UBENGG_2009_2010_18082010121500.zip"}],"announcement_set":[{"ann_date":"12 Dec 2017","announcement":"Winding-up","link":"http://www.bseindia.com/corporates/anndet_new.aspx?newsid\u003d3028449e-04ff-42c7-80a0-38de1d1058c6"},{"ann_date":"03 Oct 2017","announcement":"Limited Review Report 31-12-2016","link":"http://www.bseindia.com/corporates/anndet_new.aspx?newsid\u003de625181a-ec06-4c92-9c36-bbd3fadfee18"},{"ann_date":"03 Oct 2017","announcement":"Limited Review Report 30-09-2016","link":"http://www.bseindia.com/corporates/anndet_new.aspx?newsid\u003d03f056a0-3b13-41a9-ab41-cfb87931409d"},{"ann_date":"03 Oct 2017","announcement":"Limited Review Report 30-06-2016","link":"http://www.bseindia.com/corporates/anndet_new.aspx?newsid\u003d0c994359-4453-4ef3-9bf2-217213f85b8d"},{"ann_date":"02 Oct 2017","announcement":"Limited Review Report 31-12-2016","link":"http://www.bseindia.com/corporates/anndet_new.aspx?newsid\u003de625181a-ec06-4c92-9c36-bbd3fadfee18"}],"warehouse_set":{"high_price":21.1,"low_price":5.57,"sales_growth":-22.83,"current_price":7.94,"face_value":10.0,"id":1457,"sales_growth_3years":-48.7,"status":"Suspended","pair_url":"/company/UBENGG/consolidated","sales_growth_10years":-10.67,"profit_growth":3.43,"industry":"Construction \u0026 Engineering","analysis":{"remarks":[],"bad":["Company has low interest coverage ratio.","The company has delivered a poor growth of -33.68% over past five years."],"good":[]},"result_type":"sa","sales_growth_5years":-33.68},"id":3519,"name":"UB Engineering Ltd","screenerStockPrice":{"prices":[5.13,5.73,5.07,4.19,3.72,3.07,4.24,3.71,3.54,2.87,2.79,2.84,3.05,3.03,3.77,5.29,5.31,8.87,10.83,11.19,11.63,8.11,10.99,11.86,11.16,16.26,19.37,22.58,32.82,32.26,32.07,32.82,34.03,41.8,33.28,29.33,20.62,25.46,37.19,35.98,34.21,31.05,29.33,34.4,39.01,67.78,57.54,40.73,28.16,26.3,25.7,33.52,29.33,31.0,35.33,35.47,41.15,50.6,48.32,52.74,43.52,40.27,37.33,38.54,36.73,37.19,44.87,39.94,40.64,50.51,69.69,68.71,72.8,69.03,100.73,142.68,128.38,148.75,166.6,153.0,118.8,126.0,74.5,92.1,99.4,87.55,89.75,72.95,65.0,97.4,106.1,104.7,81.95,45.45,46.55,37.05,40.15,32.65,34.5,32.1,31.15,36.3,51.5,53.7,81.8,73.85,76.2,82.1,74.0,84.85,82.6,82.2,76.8,109.4,119.8,119.95,154.8,123.25,127.2,137.05,158.95,184.25,190.35,171.25,179.65,184.45,202.3,226.8,211.2,203.45,205.95,194.65,186.2,155.35,151.8,142.35,127.25,98.6,88.65,88.95,97.95,90.05,79.45,78.85,73.1,82.7,60.9,52.65,51.8,47.4,51.65,42.35,38.65,31.15,36.35,47.3,48.85,39.85,41.5,45.45,39.6,33.5,31.9,38.6,37.1,33.95,36.05,34.25,45.4,39.45,38.3,37.5,38.75,38.3,32.5,27.6,19.8,24.8,22.35,21.15,21.05,17.25,13.2,16.2,11.37,10.05,10.16,11.0,10.15,10.5,11.15,10.12,12.19,13.1,11.3,8.85,8.98,9.29,13.77,12.97,16.3,18.0,17.6,14.1,12.89,9.56,10.1,7.41,6.93,7.39,7.26],"dates":["17 Dec 2003","06 Jan 2004","23 Jan 2004","13 Feb 2004","04 Mar 2004","23 Mar 2004","12 Apr 2004","30 Apr 2004","21 May 2004","09 Jun 2004","28 Jun 2004","16 Jul 2004","05 Aug 2004","25 Aug 2004","13 Sep 2004","30 Sep 2004","19 Oct 2004","08 Nov 2004","29 Nov 2004","16 Dec 2004","04 Jan 2005","24 Jan 2005","11 Feb 2005","02 Mar 2005","21 Mar 2005","08 Apr 2005","28 Apr 2005","17 May 2005","03 Jun 2005","21 Jun 2005","08 Jul 2005","27 Jul 2005","17 Aug 2005","05 Sep 2005","23 Sep 2005","13 Oct 2005","01 Nov 2005","23 Nov 2005","09 Dec 2005","28 Dec 2005","17 Jan 2006","06 Feb 2006","24 Feb 2006","16 Mar 2006","04 Apr 2006","26 Apr 2006","15 May 2006","01 Jun 2006","20 Jun 2006","06 Jul 2006","25 Jul 2006","11 Aug 2006","31 Aug 2006","19 Sep 2006","09 Oct 2006","27 Oct 2006","15 Nov 2006","04 Dec 2006","21 Dec 2006","11 Jan 2007","01 Feb 2007","21 Feb 2007","12 Mar 2007","30 Mar 2007","19 Apr 2007","10 May 2007","29 May 2007","15 Jun 2007","04 Jul 2007","23 Jul 2007","09 Aug 2007","29 Aug 2007","17 Sep 2007","05 Oct 2007","24 Oct 2007","12 Nov 2007","29 Nov 2007","18 Dec 2007","08 Jan 2008","25 Jan 2008","13 Feb 2008","03 Mar 2008","25 Mar 2008","11 Apr 2008","05 May 2008","23 May 2008","11 Jun 2008","30 Jun 2008","17 Jul 2008","05 Aug 2008","25 Aug 2008","12 Sep 2008","01 Oct 2008","22 Oct 2008","11 Nov 2008","02 Dec 2008","22 Dec 2008","12 Jan 2009","30 Jan 2009","18 Feb 2009","12 Mar 2009","31 Mar 2009","23 Apr 2009","14 May 2009","03 Jun 2009","22 Jun 2009","09 Jul 2009","28 Jul 2009","14 Aug 2009","02 Sep 2009","22 Sep 2009","14 Oct 2009","03 Nov 2009","20 Nov 2009","09 Dec 2009","30 Dec 2009","19 Jan 2010","06 Feb 2010","25 Feb 2010","17 Mar 2010","07 Apr 2010","27 Apr 2010","14 May 2010","02 Jun 2010","21 Jun 2010","08 Jul 2010","27 Jul 2010","13 Aug 2010","01 Sep 2010","21 Sep 2010","08 Oct 2010","27 Oct 2010","15 Nov 2010","03 Dec 2010","23 Dec 2010","11 Jan 2011","31 Jan 2011","17 Feb 2011","09 Mar 2011","28 Mar 2011","18 Apr 2011","06 May 2011","25 May 2011","13 Jun 2011","30 Jun 2011","19 Jul 2011","05 Aug 2011","25 Aug 2011","15 Sep 2011","04 Oct 2011","24 Oct 2011","15 Nov 2011","02 Dec 2011","22 Dec 2011","09 Jan 2012","27 Jan 2012","15 Feb 2012","05 Mar 2012","23 Mar 2012","13 Apr 2012","02 May 2012","21 May 2012","07 Jun 2012","26 Jun 2012","13 Jul 2012","01 Aug 2012","22 Aug 2012","08 Sep 2012","27 Sep 2012","17 Oct 2012","06 Nov 2012","26 Nov 2012","14 Dec 2012","03 Jan 2013","22 Jan 2013","08 Feb 2013","27 Feb 2013","18 Mar 2013","08 Apr 2013","29 Apr 2013","17 May 2013","05 Jun 2013","24 Jun 2013","11 Jul 2013","31 Jul 2013","21 Aug 2013","10 Sep 2013","27 Sep 2013","18 Oct 2013","06 Nov 2013","26 Nov 2013","13 Dec 2013","02 Jan 2014","21 Jan 2014","07 Feb 2014","26 Feb 2014","19 Mar 2014","04 Apr 2014","29 Apr 2014","19 May 2014","05 Jun 2014","24 Jun 2014","11 Jul 2014","31 Jul 2014","20 Aug 2014","09 Sep 2014","26 Sep 2014","21 Oct 2014","12 Nov 2014","22 Dec 2014","23 Mar 2015"],"id":"3519"},"stockPricesEventDays":{"exRightsStocks":{"20071206":148.31,"20071129":128.34,"20071107":155.75,"20071228":143.2,"20071207":140.91,"20071108":147.98,"20071109":150.12,"20071224":141.55,"20071203":141.42,"20071126":121.83,"20071204":148.45,"20071127":116.43,"20071105":146.86,"20071226":148.5,"20071205":155.61,"20071128":122.25,"20071106":154.17,"20071029":116.52,"20071227":142.65,"20071121":138.95,"20071220":136.4,"20071122":133.65,"20071123":127.13,"20071101":133.23,"20071102":139.88,"20071120":144.03,"20071217":156.45,"20071119":150.35,"20071218":148.75,"20071219":142.45,"20071213":155.1,"20071114":151.24,"20071214":156.22,"20071115":152.4,"20071116":152.91,"20071231":145.2,"20071210":147.42,"20071211":145.61,"20071112":142.63,"20071212":147.75,"20071113":149.75,"20071030":122.34,"20071130":134.72,"20071031":128.44,"20080103":151.3,"20080104":158.85,"20080101":146.55,"20080102":144.1},"anncStocks":{"20070117":50.3,"20070315":42.44,"20070118":48.63,"20070316":41.14,"20070119":49.05,"20070219":39.69,"20070212":40.63,"20070213":38.72,"20070312":37.32,"20070214":36.81,"20070115":50.16,"20070313":39.18,"20070215":37.83,"20070116":48.3,"20070314":40.44,"20070131":43.04,"20070110":50.3,"20070111":52.72,"20070112":50.91,"20070319":39.23,"20070227":37.0,"20070205":43.18,"20070228":37.69,"20070206":41.93,"20070129":43.79,"20070305":36.76,"20070207":42.11,"20070306":38.21,"20070208":43.74,"20070307":38.76,"20070223":38.11,"20070201":43.51,"20070124":46.44,"20070301":36.06,"20070202":43.23,"20070125":45.28,"20070302":37.83,"20070226":37.13,"20070220":41.65,"20070221":40.25,"20070122":49.51,"20070320":38.48,"20070222":39.69,"20070123":48.72,"20070321":38.48,"20070209":41.97,"20070308":37.97,"20070309":38.11},"recordStocks":{"20071206":148.31,"20071129":128.34,"20071207":140.91,"20071203":141.42,"20071126":121.83,"20071204":148.45,"20071127":116.43,"20071205":155.61,"20071128":122.25,"20071121":138.95,"20071122":133.65,"20071123":127.13,"20071120":144.03,"20080114":158.05,"20080110":148.7,"20080111":160.25,"20071119":150.35,"20071114":151.24,"20071115":152.4,"20071116":152.91,"20071231":145.2,"20071112":142.63,"20080109":161.4,"20071113":149.75,"20080103":151.3,"20080104":158.85,"20080101":146.55,"20080102":144.1,"20080107":174.7,"20080108":166.6,"20071107":155.75,"20071228":143.2,"20071108":147.98,"20071109":150.12,"20071224":141.55,"20071105":146.86,"20071226":148.5,"20071106":154.17,"20071227":142.65,"20071220":136.4,"20071217":156.45,"20071218":148.75,"20071219":142.45,"20071213":155.1,"20071214":156.22,"20071210":147.42,"20071211":145.61,"20071212":147.75,"20071130":134.72}}}