{"prime":"con","number_set":{"balancesheet":[["Share Capital",{"2006-09-30":30.79,"2017-03-31":45.36,"2016-03-31":45.36,"2014-03-31":41.06,"2011-03-31":41.06,"2007-09-30":30.79,"2015-03-31":45.36,"2013-03-31":41.06,"2012-03-31":41.06,"2010-03-31":41.06,"2009-03-31":41.06}],["Reserves",{"2006-09-30":376.73,"2017-03-31":1919.42,"2016-03-31":1706.07,"2014-03-31":1038.15,"2011-03-31":733.5,"2007-09-30":347.31,"2015-03-31":1355.65,"2013-03-31":843.31,"2012-03-31":673.28,"2010-03-31":808.9,"2009-03-31":298.27}],["Borrowings",{"2006-09-30":943.88,"2017-03-31":5654.65,"2016-03-31":2899.81,"2014-03-31":2704.69,"2011-03-31":1610.75,"2007-09-30":914.97,"2015-03-31":2974.78,"2013-03-31":2703.35,"2012-03-31":2140.51,"2010-03-31":1158.9,"2009-03-31":1382.42}],["Other Liabilities",{"2006-09-30":1003.54,"2017-03-31":3220.2,"2016-03-31":2486.48,"2014-03-31":2303.05,"2011-03-31":1925.98,"2007-09-30":1133.65,"2015-03-31":2560.66,"2013-03-31":2021.16,"2012-03-31":2328.28,"2010-03-31":1554.58,"2009-03-31":1616.62}],["Total Liabilities",{"2006-09-30":2354.94,"2017-03-31":10839.63,"2016-03-31":7137.72,"2014-03-31":6086.95,"2011-03-31":4311.29,"2007-09-30":2426.72,"2015-03-31":6936.45,"2013-03-31":5608.88,"2012-03-31":5183.13,"2010-03-31":3563.44,"2009-03-31":3338.37}],["Fixed Assets",{"2006-09-30":1224.19,"2017-03-31":5788.3,"2016-03-31":3746.81,"2014-03-31":2690.33,"2011-03-31":1855.48,"2007-09-30":1198.8,"2015-03-31":2701.3,"2013-03-31":2714.43,"2012-03-31":1869.56,"2010-03-31":1763.95,"2009-03-31":1612.01}],["CWIP",{"2006-09-30":22.51,"2017-03-31":325.52,"2016-03-31":105.72,"2014-03-31":177.1,"2011-03-31":200.02,"2007-09-30":20.34,"2015-03-31":830.32,"2013-03-31":76.2,"2012-03-31":765.15,"2010-03-31":188.19,"2009-03-31":290.54}],["Investments",{"2006-09-30":67.58,"2017-03-31":79.29,"2016-03-31":160.31,"2014-03-31":115.44,"2011-03-31":87.13,"2007-09-30":71.4,"2015-03-31":140.26,"2013-03-31":103.87,"2012-03-31":100.69,"2010-03-31":80.45,"2009-03-31":75.89}],["Other Assets",{"2006-09-30":1040.66,"2017-03-31":4646.52,"2016-03-31":3124.88,"2014-03-31":3104.08,"2011-03-31":2168.66,"2007-09-30":1136.18,"2015-03-31":3264.57,"2013-03-31":2714.38,"2012-03-31":2447.73,"2010-03-31":1530.85,"2009-03-31":1359.93}],["Total Assets",{"2006-09-30":2354.94,"2017-03-31":10839.63,"2016-03-31":7137.72,"2014-03-31":6086.95,"2011-03-31":4311.29,"2007-09-30":2426.72,"2015-03-31":6936.45,"2013-03-31":5608.88,"2012-03-31":5183.13,"2010-03-31":3563.44,"2009-03-31":3338.37}]],"annual":[["Sales",{"2006-09-30":2609.21,"2017-03-31":7689.37,"2016-03-31":6898.23,"2014-03-31":7651.76,"2011-03-31":5978.77,"2007-09-30":2816.16,"2015-03-31":7383.71,"2013-03-31":6985.23,"2012-03-31":6782.97,"2010-03-31":4570.58,"2009-03-31":5522.7}],["Expenses",{"2006-09-30":2458.02,"2017-03-31":6595.95,"2016-03-31":5794.48,"2014-03-31":6839.97,"2011-03-31":5654.71,"2007-09-30":2561.5,"2015-03-31":6499.86,"2013-03-31":6369.09,"2012-03-31":6577.61,"2010-03-31":4068.62,"2009-03-31":5357.84}],["Operating Profit",{"2006-09-30":151.19,"2017-03-31":1093.42,"2016-03-31":1103.75,"2014-03-31":811.79,"2011-03-31":324.06,"2007-09-30":254.66,"2015-03-31":883.85,"2013-03-31":616.14,"2012-03-31":205.36,"2010-03-31":501.96,"2009-03-31":164.86}],["OPM",{"2006-09-30":5.79,"2017-03-31":14.22,"2016-03-31":16.0,"2014-03-31":10.61,"2011-03-31":5.42,"2007-09-30":9.04,"2015-03-31":11.97,"2013-03-31":8.82,"2012-03-31":3.03,"2010-03-31":10.98,"2009-03-31":2.99}],["Other Income",{"2006-09-30":20.53,"2017-03-31":173.5,"2016-03-31":24.32,"2014-03-31":18.32,"2011-03-31":13.68,"2007-09-30":12.59,"2015-03-31":16.88,"2013-03-31":13.72,"2012-03-31":80.19,"2010-03-31":30.06,"2009-03-31":53.76}],["Interest",{"2006-09-30":79.06,"2017-03-31":440.36,"2016-03-31":252.43,"2014-03-31":276.2,"2011-03-31":116.53,"2007-09-30":91.1,"2015-03-31":257.41,"2013-03-31":232.75,"2012-03-31":187.5,"2010-03-31":119.38,"2009-03-31":171.17}],["Depreciation",{"2006-09-30":70.93,"2017-03-31":291.32,"2016-03-31":216.13,"2014-03-31":179.47,"2011-03-31":109.25,"2007-09-30":75.44,"2015-03-31":157.77,"2013-03-31":132.82,"2012-03-31":121.05,"2010-03-31":99.6,"2009-03-31":122.49}],["Profit before tax",{"2006-09-30":21.73,"2017-03-31":535.24,"2016-03-31":659.51,"2014-03-31":374.44,"2011-03-31":111.96,"2007-09-30":100.71,"2015-03-31":485.55,"2013-03-31":264.29,"2012-03-31":-23.0,"2010-03-31":313.04,"2009-03-31":-75.04}],["Tax",{"2006-09-30":4.75,"2017-03-31":155.42,"2016-03-31":202.72,"2014-03-31":118.82,"2011-03-31":49.41,"2007-09-30":34.02,"2015-03-31":161.66,"2013-03-31":67.47,"2012-03-31":15.22,"2010-03-31":93.3,"2009-03-31":32.94}],["Net Profit",{"2006-09-30":16.98,"2017-03-31":375.4,"2016-03-31":467.31,"2014-03-31":263.02,"2011-03-31":65.91,"2007-09-30":69.37,"2015-03-31":329.66,"2013-03-31":203.3,"2012-03-31":-31.99,"2010-03-31":223.81,"2009-03-31":-103.92}],["EPS (unadj)",{"2006-09-30":5.16,"2017-03-31":16.55,"2016-03-31":20.6,"2014-03-31":63.21,"2011-03-31":15.57,"2007-09-30":22.07,"2015-03-31":14.23,"2013-03-31":48.92,"2012-03-31":0.0,"2010-03-31":53.93,"2009-03-31":0.0}],["Dividend Payout",{"2006-09-30":45.34,"2017-03-31":15.1,"2016-03-31":12.13,"2014-03-31":7.81,"2011-03-31":18.69,"2007-09-30":11.99,"2015-03-31":10.32,"2013-03-31":7.07,"2012-03-31":-32.09,"2010-03-31":6.42,"2009-03-31":-10.67}]],"cashflow":[["Cash from Operating Activity",{"2006-09-30":45.65,"2017-03-31":105.69,"2016-03-31":903.0,"2014-03-31":654.81,"2011-03-31":7.97,"2007-09-30":194.88,"2015-03-31":734.15,"2013-03-31":-15.47,"2012-03-31":361.88,"2010-03-31":564.87,"2009-03-31":296.89}],["Cash from Investing Activity",{"2006-09-30":-102.05,"2017-03-31":-807.38,"2016-03-31":-511.28,"2014-03-31":-223.54,"2011-03-31":-291.44,"2007-09-30":-73.67,"2015-03-31":-805.7,"2013-03-31":-201.11,"2012-03-31":-611.53,"2010-03-31":-175.32,"2009-03-31":-445.06}],["Cash from Financing Activity",{"2006-09-30":59.14,"2017-03-31":829.95,"2016-03-31":-422.38,"2014-03-31":-335.19,"2011-03-31":306.95,"2007-09-30":-131.39,"2015-03-31":-1.22,"2013-03-31":251.75,"2012-03-31":239.53,"2010-03-31":-349.9,"2009-03-31":169.48}],["Net Cash Flow",{"2006-09-30":2.74,"2017-03-31":128.26,"2016-03-31":-30.66,"2014-03-31":96.08,"2011-03-31":23.48,"2007-09-30":-10.18,"2015-03-31":-72.77,"2013-03-31":35.17,"2012-03-31":-10.12,"2010-03-31":39.65,"2009-03-31":21.31}]],"quarters":[["Sales",{"2016-06-30":1780.75,"2016-12-31":1837.65,"2017-03-31":2152.49,"2017-06-30":1806.61,"2015-06-30":1766.38,"2015-03-31":1809.36,"2017-09-30":2058.28,"2015-12-31":1603.87,"2016-03-31":1732.3,"2017-12-31":2123.24,"2016-09-30":1918.48,"2015-09-30":1795.68}],["Expenses",{"2016-06-30":1464.14,"2016-12-31":1584.95,"2017-03-31":1952.44,"2017-06-30":1808.15,"2015-06-30":1475.59,"2015-03-31":1557.11,"2017-09-30":1862.63,"2015-12-31":1343.91,"2016-03-31":1458.98,"2017-12-31":1920.54,"2016-09-30":1596.62,"2015-09-30":1516.05}],["Operating Profit",{"2016-06-30":316.61,"2016-12-31":252.7,"2017-03-31":200.05,"2017-06-30":-1.54,"2015-06-30":290.79,"2015-03-31":252.25,"2017-09-30":195.65,"2015-12-31":259.96,"2016-03-31":273.32,"2017-12-31":202.7,"2016-09-30":321.86,"2015-09-30":279.63}],["OPM",{"2016-06-30":17.78,"2016-12-31":13.75,"2017-03-31":9.29,"2017-06-30":-0.09,"2015-06-30":16.46,"2015-03-31":13.94,"2017-09-30":9.51,"2015-12-31":16.21,"2016-03-31":15.78,"2017-12-31":9.55,"2016-09-30":16.78,"2015-09-30":15.57}],["Other Income",{"2016-06-30":6.02,"2016-12-31":65.58,"2017-03-31":96.77,"2017-06-30":11.06,"2015-06-30":4.81,"2015-03-31":5.66,"2017-09-30":9.76,"2015-12-31":6.87,"2016-03-31":6.36,"2017-12-31":12.16,"2016-09-30":7.33,"2015-09-30":6.33}],["Depreciation",{"2016-06-30":74.55,"2016-12-31":74.66,"2017-03-31":72.05,"2017-06-30":71.56,"2015-06-30":48.56,"2015-03-31":39.39,"2017-09-30":74.22,"2015-12-31":55.54,"2016-03-31":60.55,"2017-12-31":76.8,"2016-09-30":70.06,"2015-09-30":51.48}],["Interest",{"2016-06-30":100.92,"2016-12-31":115.23,"2017-03-31":113.52,"2017-06-30":116.77,"2015-06-30":66.77,"2015-03-31":61.45,"2017-09-30":118.72,"2015-12-31":61.09,"2016-03-31":63.35,"2017-12-31":114.99,"2016-09-30":110.69,"2015-09-30":61.22}],["Profit before tax",{"2016-06-30":147.16,"2016-12-31":128.39,"2017-03-31":111.25,"2017-06-30":-178.81,"2015-06-30":180.27,"2015-03-31":157.07,"2017-09-30":12.47,"2015-12-31":150.2,"2016-03-31":155.78,"2017-12-31":23.07,"2016-09-30":148.44,"2015-09-30":173.26}],["Tax",{"2016-06-30":46.96,"2016-12-31":42.2,"2017-03-31":19.22,"2017-06-30":-60.89,"2015-06-30":63.93,"2015-03-31":53.51,"2017-09-30":1.37,"2015-12-31":44.55,"2016-03-31":33.48,"2017-12-31":13.1,"2016-09-30":47.04,"2015-09-30":60.76}],["Net Profit",{"2016-06-30":100.26,"2016-12-31":86.46,"2017-03-31":88.8,"2017-06-30":-117.21,"2015-06-30":117.07,"2015-03-31":105.96,"2017-09-30":10.34,"2015-12-31":110.97,"2016-03-31":123.43,"2017-12-31":11.32,"2016-09-30":104.65,"2015-09-30":115.84}]]},"bse_code":"530007","short_name":"JK Tyre \u0026 Indust","nse_code":"JKTYRE","companyrating_set":[{"rating__rating":"IND A+/IND A+(exp)(Stable)","instrument":"Long Term Rating","rating__source":"fitch","link":"http://www.indiaratings.co.in/search/search.jsp?q\u003dJK Tyre \u0026 Industries Ltd"},{"rating__rating":"IND A1(Stable)","instrument":"Short Term","rating__source":"fitch","link":"http://www.indiaratings.co.in/search/search.jsp?q\u003dJK Tyre \u0026 Industries Ltd"},{"rating__rating":"IND tA+(Stable)","instrument":"Term Deposit","rating__source":"fitch","link":"http://www.indiaratings.co.in/search/search.jsp?q\u003dJK Tyre \u0026 Industries Ltd"}],"annualreport_set":[{"source":"bse","report_date":2017,"link":"http://www.bseindia.com/bseplus/AnnualReport/530007/5300070317.pdf"},{"source":"bse","report_date":2016,"link":"http://www.bseindia.com/bseplus/AnnualReport/530007/5300070316.pdf"},{"source":"bse","report_date":2015,"link":"http://www.bseindia.com/bseplus/AnnualReport/530007/5300070315.pdf"},{"source":"bse","report_date":2014,"link":"http://www.bseindia.com/bseplus/AnnualReport/530007/5300070314.pdf"},{"source":"bse","report_date":2013,"link":"http://www.bseindia.com/bseplus/annualreport/530007/5300070313.pdf"},{"source":"nse","report_date":2012,"link":"http://nseindia.com/annual_reports/AR_JKTYRE_2011_2012_04072012125459.zip"},{"source":"bse","report_date":2011,"link":"http://www.bseindia.com/bseplus/annualreport/530007/5300070311.pdf"},{"source":"nse","report_date":2011,"link":"http://nseindia.com/annual_reports/AR_JKTYRE_2010_2011_04072011110505.zip"},{"source":"bse","report_date":2010,"link":"http://www.bseindia.com/bseplus/annualreport/530007/5300070310.pdf"}],"announcement_set":[{"ann_date":"17 Apr 2018","announcement":"Disclosure of Voting results of Postal Ballot (Regulation 44(3) of SEBI (LODR) Regulations, 2015)","link":"https://www.bseindia.com/corporates/anndet_new.aspx?newsid\u003dc1e38c94-46ac-4179-a730-cba4c4290c87"},{"ann_date":"16 Apr 2018","announcement":"Shareholding for the Period Ended March 31, 2018","link":"https://www.bseindia.com/corporates/anndet_new.aspx?newsid\u003d0415b3cd-ce8c-4ff5-a89f-98d96dc9daea"},{"ann_date":"12 Apr 2018","announcement":"Reclassification From Promoter To Promoter Group","link":"https://www.bseindia.com/corporates/anndet_new.aspx?newsid\u003d6a1f79c5-47b3-4586-b1d1-6f714d53ff23"},{"ann_date":"11 Apr 2018","announcement":"Certificate Under Regulation 40(9) \u0026 40(10) Of The SEBI (Listing Obligations And Disclosure Requirements) Regulations,2015 For The Half Year Ended 31St March 2018","link":"https://www.bseindia.com/corporates/anndet_new.aspx?newsid\u003decd9d1d0-ee2a-496c-bcd8-7401cd7ce422"},{"ann_date":"09 Apr 2018","announcement":"Compliance Certificate Under Regulation 7(3) Of The Securities And Exchange Board Of India (Listing Obligations And Disclosure Requirements) Regulations, 2015 For The Half Year Ended 31.3.2018","link":"https://www.bseindia.com/corporates/anndet_new.aspx?newsid\u003da7e9ceaf-a034-43f3-bcac-09df4c262284"}],"warehouse_set":{"high_price":193.0,"low_price":128.1,"sales_growth":11.99,"current_price":156.4,"dividend_yield":1.65,"face_value":2.0,"id":6596670,"sales_growth_3years":0.16,"average_return_on_equity_3years":24.72,"book_value":84.89,"status":"Active","pair_url":"/company/JKTYRE/","sales_growth_10years":11.81,"average_return_on_equity_10years":21.99,"profit_growth":-101.63,"market_capitalization":3444.56,"profit_growth_10years":18.27,"price_to_earning":10.92,"industry":"Auto Tyres \u0026 Rubber Products","analysis":{"remarks":[],"bad":["Company has low interest coverage ratio.","The company has delivered a poor growth of 2.54% over past five years."],"good":["Company has a good return on equity (ROE) track record: 3 Years ROE 24.72%"]},"result_type":"con","profit_growth_3years":1.98,"sales_growth_5years":2.54,"return_on_equity":16.97,"average_return_on_equity_5years":25.68},"id":1636,"name":"JK Tyre \u0026 Industries Ltd","screenerStockPrice":{"prices":[16.31,15.02,11.78,9.99,8.38,9.73,7.49,7.87,7.0,7.53,9.83,11.42,12.78,11.42,15.09,15.93,15.47,17.38,19.92,18.96,21.13,19.52,21.58,20.47,21.41,24.44,25.53,20.15,18.21,19.84,22.12,22.27,26.08,21.97,22.88,24.48,18.04,16.38,16.06,17.79,22.8,26.05,26.28,25.63,26.12,25.21,23.06,25.83,27.0,27.16,26.88,28.14,27.01,26.25,22.95,26.6,24.59,29.19,34.56,27.81,27.26,22.85,24.91,25.93,22.45,18.86,19.2,17.71,16.81,13.01,9.57,8.99,9.0,7.16,6.27,7.17,8.95,11.4,14.95,13.91,18.34,17.86,23.47,31.76,32.48,31.01,31.12,34.09,35.47,36.61,40.71,36.07,35.78,33.4,33.39,32.89,34.16,37.7,34.19,31.76,27.77,27.26,23.28,17.36,18.79,19.88,18.29,19.8,18.46,22.25,18.63,16.84,14.68,14.28,12.44,11.81,13.84,16.14,15.57,14.4,17.94,15.69,15.24,18.81,18.16,23.12,23.17,21.84,24.05,22.85,24.01,24.57,22.4,21.0,20.45,22.79,23.02,21.92,20.48,18.23,16.45,18.42,21.25,24.93,32.18,34.61,31.38,26.83,31.74,37.0,38.54,45.82,64.06,61.79,54.15,73.68,100.35,99.62,133.14,137.8,126.05,120.6,115.55,117.55,112.2,111.9,89.0,84.6,122.9,109.3,102.2,106.1,92.3,103.95,113.1,91.35,81.7,79.2,85.55,82.9,86.35,87.2,90.25,109.0,135.5,156.6,143.1,117.9,112.0,127.6,117.85,123.95,130.5,161.65,173.05,174.4,168.65,169.3,143.65,155.45,149.7,149.5,135.5,147.05,178.15,160.85,155.1,162.4],"dates":["17 Dec 2003","12 Jan 2004","06 Feb 2004","03 Mar 2004","26 Mar 2004","21 Apr 2004","17 May 2004","09 Jun 2004","02 Jul 2004","27 Jul 2004","19 Aug 2004","13 Sep 2004","06 Oct 2004","01 Nov 2004","25 Nov 2004","21 Dec 2004","13 Jan 2005","09 Feb 2005","04 Mar 2005","30 Mar 2005","25 Apr 2005","18 May 2005","09 Jun 2005","04 Jul 2005","27 Jul 2005","23 Aug 2005","16 Sep 2005","11 Oct 2005","08 Nov 2005","01 Dec 2005","26 Dec 2005","19 Jan 2006","15 Feb 2006","10 Mar 2006","05 Apr 2006","03 May 2006","26 May 2006","20 Jun 2006","12 Jul 2006","04 Aug 2006","30 Aug 2006","22 Sep 2006","18 Oct 2006","13 Nov 2006","06 Dec 2006","02 Jan 2007","23 Mar 2007","19 Apr 2007","16 May 2007","08 Jun 2007","03 Jul 2007","26 Jul 2007","21 Aug 2007","13 Sep 2007","09 Oct 2007","01 Nov 2007","26 Nov 2007","19 Dec 2007","15 Jan 2008","07 Feb 2008","03 Mar 2008","31 Mar 2008","25 Apr 2008","22 May 2008","16 Jun 2008","09 Jul 2008","01 Aug 2008","27 Aug 2008","22 Sep 2008","17 Oct 2008","12 Nov 2008","10 Dec 2008","05 Jan 2009","30 Jan 2009","25 Feb 2009","24 Mar 2009","22 Apr 2009","19 May 2009","11 Jun 2009","06 Jul 2009","29 Jul 2009","21 Aug 2009","15 Sep 2009","14 Oct 2009","09 Nov 2009","02 Dec 2009","29 Dec 2009","22 Jan 2010","17 Feb 2010","15 Mar 2010","09 Apr 2010","05 May 2010","28 May 2010","22 Jun 2010","15 Jul 2010","09 Aug 2010","01 Sep 2010","27 Sep 2010","20 Oct 2010","12 Nov 2010","08 Dec 2010","03 Jan 2011","27 Jan 2011","21 Feb 2011","17 Mar 2011","11 Apr 2011","09 May 2011","01 Jun 2011","24 Jun 2011","19 Jul 2011","11 Aug 2011","08 Sep 2011","03 Oct 2011","28 Oct 2011","24 Nov 2011","20 Dec 2011","11 Jan 2012","06 Feb 2012","01 Mar 2012","26 Mar 2012","20 Apr 2012","15 May 2012","07 Jun 2012","02 Jul 2012","25 Jul 2012","21 Aug 2012","12 Sep 2012","09 Oct 2012","02 Nov 2012","29 Nov 2012","24 Dec 2012","17 Jan 2013","11 Feb 2013","06 Mar 2013","02 Apr 2013","29 Apr 2013","22 May 2013","14 Jun 2013","09 Jul 2013","01 Aug 2013","28 Aug 2013","23 Sep 2013","18 Oct 2013","12 Nov 2013","06 Dec 2013","01 Jan 2014","24 Jan 2014","18 Feb 2014","14 Mar 2014","09 Apr 2014","08 May 2014","02 Jun 2014","25 Jun 2014","18 Jul 2014","13 Aug 2014","09 Sep 2014","07 Oct 2014","03 Nov 2014","28 Nov 2014","23 Dec 2014","16 Jan 2015","11 Feb 2015","09 Mar 2015","01 Apr 2015","29 Apr 2015","25 May 2015","17 Jun 2015","10 Jul 2015","04 Aug 2015","27 Aug 2015","22 Sep 2015","19 Oct 2015","13 Nov 2015","09 Dec 2015","04 Jan 2016","28 Jan 2016","22 Feb 2016","17 Mar 2016","13 Apr 2016","11 May 2016","03 Jun 2016","28 Jun 2016","22 Jul 2016","17 Aug 2016","12 Sep 2016","06 Oct 2016","02 Nov 2016","28 Nov 2016","21 Dec 2016","13 Jan 2017","08 Feb 2017","06 Mar 2017","30 Mar 2017","26 Apr 2017","22 May 2017","14 Jun 2017","10 Jul 2017","02 Aug 2017","29 Aug 2017","21 Sep 2017","17 Oct 2017","10 Nov 2017","05 Dec 2017","29 Dec 2017","23 Jan 2018","19 Feb 2018","15 Mar 2018","11 Apr 2018"],"id":"1636"},"stockPricesEventDays":{"exRightsStocks":{},"anncStocks":{},"recordStocks":{}}}