{"prime":"sa","number_set":{"balancesheet":[["Share Capital",{"2008-03-31":12.55,"2016-03-31":16.31,"2014-03-31":16.31,"2011-03-31":16.31,"2015-03-31":16.31,"2013-03-31":16.31,"2006-03-31":12.55,"2012-03-31":16.31,"2017-03-31":16.31,"2010-03-31":1.25,"2009-03-31":12.55,"2007-03-31":12.55}],["Reserves",{"2008-03-31":-12.1,"2016-03-31":-2.9,"2014-03-31":-6.24,"2011-03-31":-4.66,"2015-03-31":-6.12,"2013-03-31":-2.93,"2006-03-31":-7.78,"2012-03-31":-3.86,"2017-03-31":3.05,"2010-03-31":-0.15,"2009-03-31":-10.99,"2007-03-31":-9.02}],["Borrowings",{"2008-03-31":8.92,"2016-03-31":10.37,"2014-03-31":16.34,"2011-03-31":9.26,"2015-03-31":13.66,"2013-03-31":15.6,"2006-03-31":6.65,"2012-03-31":15.38,"2017-03-31":6.34,"2010-03-31":15.54,"2009-03-31":12.32,"2007-03-31":5.71}],["Other Liabilities",{"2008-03-31":1.01,"2016-03-31":7.52,"2014-03-31":9.54,"2011-03-31":2.22,"2015-03-31":9.34,"2013-03-31":6.93,"2006-03-31":0.86,"2012-03-31":3.12,"2017-03-31":9.64,"2010-03-31":1.19,"2009-03-31":0.98,"2007-03-31":2.0}],["Total Liabilities",{"2008-03-31":10.38,"2016-03-31":31.3,"2014-03-31":35.95,"2011-03-31":23.13,"2015-03-31":33.19,"2013-03-31":35.91,"2006-03-31":12.28,"2012-03-31":30.95,"2017-03-31":35.34,"2010-03-31":17.83,"2009-03-31":14.86,"2007-03-31":11.24}],["Fixed Assets",{"2008-03-31":9.79,"2016-03-31":22.79,"2014-03-31":28.22,"2011-03-31":14.16,"2015-03-31":25.39,"2013-03-31":28.8,"2006-03-31":11.78,"2012-03-31":22.58,"2017-03-31":24.48,"2010-03-31":10.42,"2009-03-31":10.05,"2007-03-31":10.76}],["CWIP",{"2008-03-31":0.0,"2016-03-31":0.0,"2014-03-31":0.44,"2011-03-31":3.17,"2015-03-31":0.0,"2013-03-31":1.25,"2006-03-31":0.0,"2012-03-31":1.7,"2017-03-31":0.0,"2010-03-31":1.67,"2009-03-31":0.1,"2007-03-31":0.0}],["Investments",{"2008-03-31":0.0,"2016-03-31":0.0,"2014-03-31":0.0,"2011-03-31":0.0,"2015-03-31":0.0,"2013-03-31":0.0,"2006-03-31":0.0,"2012-03-31":0.0,"2017-03-31":0.0,"2010-03-31":0.0,"2009-03-31":0.0,"2007-03-31":0.0}],["Other Assets",{"2008-03-31":0.59,"2016-03-31":8.51,"2014-03-31":7.29,"2011-03-31":5.8,"2015-03-31":7.8,"2013-03-31":5.86,"2006-03-31":0.5,"2012-03-31":6.67,"2017-03-31":10.86,"2010-03-31":5.74,"2009-03-31":4.71,"2007-03-31":0.48}],["Total Assets",{"2008-03-31":10.38,"2016-03-31":31.3,"2014-03-31":35.95,"2011-03-31":23.13,"2015-03-31":33.19,"2013-03-31":35.91,"2006-03-31":12.28,"2012-03-31":30.95,"2017-03-31":35.34,"2010-03-31":17.83,"2009-03-31":14.86,"2007-03-31":11.24}]],"annual":[["Sales",{"2008-03-31":0.84,"2016-03-31":42.57,"2014-03-31":31.91,"2011-03-31":13.05,"2015-03-31":36.3,"2013-03-31":28.85,"2006-03-31":2.81,"2012-03-31":19.7,"2017-03-31":54.83,"2010-03-31":8.54,"2009-03-31":3.27,"2007-03-31":1.97}],["Expenses",{"2016-03-31":34.52,"2014-03-31":30.21,"2011-03-31":12.31,"2015-03-31":30.58,"2013-03-31":23.06,"2012-03-31":16.27,"2017-03-31":42.66}],["Operating Profit",{"2016-03-31":8.05,"2014-03-31":1.7,"2011-03-31":0.74,"2015-03-31":5.72,"2013-03-31":5.79,"2012-03-31":3.43,"2017-03-31":12.17}],["OPM",{"2016-03-31":18.91,"2014-03-31":5.33,"2011-03-31":5.67,"2015-03-31":15.76,"2013-03-31":20.07,"2012-03-31":17.41,"2017-03-31":22.2}],["Other Income",{"2008-03-31":0.05,"2016-03-31":0.94,"2014-03-31":3.18,"2011-03-31":0.27,"2015-03-31":0.21,"2013-03-31":0.41,"2006-03-31":0.02,"2012-03-31":0.27,"2017-03-31":0.12,"2010-03-31":1.48,"2009-03-31":0.45,"2007-03-31":0.11}],["Interest",{"2008-03-31":1.02,"2016-03-31":1.64,"2014-03-31":2.21,"2011-03-31":0.56,"2015-03-31":2.02,"2013-03-31":3.74,"2006-03-31":0.11,"2012-03-31":1.49,"2017-03-31":1.42,"2010-03-31":1.15,"2009-03-31":1.4,"2007-03-31":0.0}],["Depreciation",{"2008-03-31":0.98,"2016-03-31":3.28,"2014-03-31":4.22,"2011-03-31":0.85,"2015-03-31":3.79,"2013-03-31":1.1,"2006-03-31":1.13,"2012-03-31":0.97,"2017-03-31":3.19,"2010-03-31":0.87,"2009-03-31":0.91,"2007-03-31":1.04}],["Profit before tax",{"2008-03-31":-3.07,"2016-03-31":4.06,"2014-03-31":-1.55,"2011-03-31":-0.4,"2015-03-31":0.13,"2013-03-31":1.36,"2006-03-31":-1.81,"2012-03-31":1.24,"2017-03-31":7.67,"2010-03-31":-0.39,"2009-03-31":-2.64,"2007-03-31":-1.23}],["Tax",{"2008-03-31":0.01,"2016-03-31":0.84,"2014-03-31":-1.25,"2011-03-31":4.12,"2015-03-31":0.0,"2013-03-31":0.43,"2006-03-31":0.01,"2012-03-31":0.44,"2017-03-31":1.72,"2010-03-31":0.06,"2009-03-31":-3.75,"2007-03-31":0.01}],["Net Profit",{"2008-03-31":-3.08,"2016-03-31":3.21,"2014-03-31":-0.3,"2011-03-31":-4.52,"2015-03-31":0.12,"2013-03-31":0.94,"2006-03-31":-1.82,"2012-03-31":0.8,"2017-03-31":5.96,"2010-03-31":-0.45,"2009-03-31":1.11,"2007-03-31":-1.24}],["EPS (unadj)",{"2008-03-31":0.0,"2016-03-31":0.2,"2014-03-31":0.0,"2011-03-31":0.0,"2015-03-31":0.01,"2013-03-31":0.06,"2006-03-31":0.0,"2012-03-31":0.05,"2017-03-31":0.37,"2010-03-31":0.0,"2009-03-31":0.88,"2007-03-31":0.0}],["Dividend Payout",{"2008-03-31":-0.0,"2016-03-31":0.0,"2014-03-31":-0.0,"2011-03-31":-0.0,"2015-03-31":0.0,"2013-03-31":0.0,"2006-03-31":-0.0,"2012-03-31":0.0,"2017-03-31":0.0,"2010-03-31":-0.0,"2009-03-31":0.0,"2007-03-31":-0.0}]],"cashflow":[["Cash from Operating Activity",{"2008-03-31":-2.01,"2016-03-31":5.73,"2014-03-31":3.93,"2011-03-31":1.77,"2015-03-31":5.43,"2013-03-31":6.57,"2006-03-31":-0.61,"2012-03-31":3.92,"2017-03-31":10.13,"2010-03-31":-0.04,"2009-03-31":-0.92,"2007-03-31":0.95}],["Cash from Investing Activity",{"2008-03-31":-0.01,"2016-03-31":-0.8,"2014-03-31":-2.32,"2011-03-31":-6.34,"2015-03-31":-0.82,"2013-03-31":-6.67,"2006-03-31":0.07,"2012-03-31":-8.45,"2017-03-31":-4.27,"2010-03-31":-3.18,"2009-03-31":-1.18,"2007-03-31":0.0}],["Cash from Financing Activity",{"2008-03-31":2.19,"2016-03-31":-4.95,"2014-03-31":-1.41,"2011-03-31":7.68,"2015-03-31":-4.63,"2013-03-31":-2.77,"2006-03-31":0.54,"2012-03-31":4.32,"2017-03-31":-5.27,"2010-03-31":3.22,"2009-03-31":2.0,"2007-03-31":-0.94}],["Net Cash Flow",{"2008-03-31":0.17,"2016-03-31":-0.02,"2014-03-31":0.2,"2011-03-31":3.11,"2015-03-31":-0.02,"2013-03-31":-2.87,"2006-03-31":0.0,"2012-03-31":-0.21,"2017-03-31":0.59,"2010-03-31":0.0,"2009-03-31":-0.1,"2007-03-31":0.01}]],"quarters":[["Sales",{"2016-06-30":12.45,"2016-12-31":14.03,"2017-03-31":15.17,"2017-06-30":15.66,"2015-06-30":9.82,"2015-03-31":9.27,"2017-09-30":18.31,"2015-12-31":11.74,"2016-03-31":10.51,"2017-12-31":19.38,"2016-09-30":13.41,"2015-09-30":10.49}],["Expenses",{"2016-06-30":9.89,"2016-12-31":11.24,"2017-03-31":11.64,"2017-06-30":13.02,"2015-06-30":7.84,"2015-03-31":7.87,"2017-09-30":14.1,"2015-12-31":9.03,"2016-03-31":9.31,"2017-12-31":15.28,"2016-09-30":10.38,"2015-09-30":8.48}],["Operating Profit",{"2016-06-30":2.56,"2016-12-31":2.79,"2017-03-31":3.53,"2017-06-30":2.64,"2015-06-30":1.98,"2015-03-31":1.4,"2017-09-30":4.21,"2015-12-31":2.71,"2016-03-31":1.2,"2017-12-31":4.1,"2016-09-30":3.03,"2015-09-30":2.01}],["OPM",{"2016-06-30":20.56,"2016-12-31":19.89,"2017-03-31":23.27,"2017-06-30":16.86,"2015-06-30":20.16,"2015-03-31":15.1,"2017-09-30":22.99,"2015-12-31":23.08,"2016-03-31":11.42,"2017-12-31":21.16,"2016-09-30":22.6,"2015-09-30":19.16}],["Other Income",{"2016-06-30":0.02,"2016-12-31":0.01,"2017-03-31":0.05,"2017-06-30":0.06,"2015-06-30":0.03,"2015-03-31":0.04,"2017-09-30":0.04,"2015-12-31":0.01,"2016-03-31":0.07,"2017-12-31":0.11,"2016-09-30":0.02,"2015-09-30":0.83}],["Depreciation",{"2016-06-30":0.74,"2016-12-31":0.77,"2017-03-31":0.9,"2017-06-30":0.88,"2015-06-30":0.83,"2015-03-31":0.94,"2017-09-30":0.89,"2015-12-31":0.83,"2016-03-31":0.81,"2017-12-31":1.08,"2016-09-30":0.78,"2015-09-30":0.82}],["Interest",{"2016-06-30":0.3,"2016-12-31":0.23,"2017-03-31":0.23,"2017-06-30":0.19,"2015-06-30":0.43,"2015-03-31":0.45,"2017-09-30":0.12,"2015-12-31":0.36,"2016-03-31":0.33,"2017-12-31":0.17,"2016-09-30":0.48,"2015-09-30":0.39}],["Profit before tax",{"2016-06-30":1.54,"2016-12-31":1.81,"2017-03-31":2.46,"2017-06-30":1.63,"2015-06-30":0.75,"2015-03-31":0.05,"2017-09-30":3.23,"2015-12-31":1.53,"2016-03-31":0.14,"2017-12-31":2.96,"2016-09-30":1.79,"2015-09-30":1.63}],["Tax",{"2016-06-30":0.5,"2016-12-31":0.51,"2017-03-31":0.55,"2017-06-30":0.54,"2015-06-30":0.15,"2015-03-31":-0.01,"2017-09-30":1.19,"2015-12-31":0.32,"2016-03-31":0.04,"2017-12-31":0.94,"2016-09-30":0.66,"2015-09-30":0.33}],["Net Profit",{"2016-06-30":1.03,"2016-12-31":1.3,"2017-03-31":1.91,"2017-06-30":1.09,"2015-06-30":0.6,"2015-03-31":0.07,"2017-09-30":2.05,"2015-12-31":1.21,"2016-03-31":0.1,"2017-12-31":2.02,"2016-09-30":1.12,"2015-09-30":1.3}]]},"bse_code":"524520","short_name":"KMC Speciality","nse_code":"","companyrating_set":[],"annualreport_set":[{"source":"bse","report_date":2017,"link":"http://www.bseindia.com/bseplus/AnnualReport/524520/5245200317.pdf"},{"source":"bse","report_date":2016,"link":"http://www.bseindia.com/bseplus/AnnualReport/524520/5245200316.pdf"},{"source":"bse","report_date":2015,"link":"http://www.bseindia.com/bseplus/AnnualReport/524520/5245200315.pdf"},{"source":"bse","report_date":2014,"link":"http://www.bseindia.com/bseplus/AnnualReport/524520/5245200314.pdf"},{"source":"bse","report_date":2013,"link":"http://www.bseindia.com/bseplus/annualreport/524520/5245200313.pdf"},{"source":"bse","report_date":2011,"link":"http://www.bseindia.com/bseplus/annualreport/524520/5245200311.pdf"},{"source":"bse","report_date":2010,"link":"http://www.bseindia.com/bseplus/annualreport/524520/5245200310.pdf"}],"announcement_set":[{"ann_date":"18 Apr 2018","announcement":"Shareholding for the Period Ended March 31, 2018","link":"https://www.bseindia.com/corporates/anndet_new.aspx?newsid\u003dcf3b16ec-53ef-453f-8bea-dc6c1e0d0d2e"},{"ann_date":"17 Apr 2018","announcement":"Statement Of Investor Complaints For The Quarter Ended March 2018","link":"https://www.bseindia.com/corporates/anndet_new.aspx?newsid\u003d8ab7ab3c-f45a-466a-85fb-4fafe7de5dfc"},{"ann_date":"14 Apr 2018","announcement":"Compliance Certificate Under Regulation 7 (3) Of SEBI (LODR), Regulations, 2015 For The Half Year Ended 31St March, 2018","link":"https://www.bseindia.com/corporates/anndet_new.aspx?newsid\u003df4a8c7c5-2256-458a-9def-4e0ae0ae8eaf"},{"ann_date":"14 Apr 2018","announcement":"Certificate Under Regulation 40 (9) Of SEBI (LODR) Regulations, 2015 For The Half Year Ended 31St March, 2018","link":"https://www.bseindia.com/corporates/anndet_new.aspx?newsid\u003da1400e05-e83e-42c3-a5fc-36aa800e1517"},{"ann_date":"28 Mar 2018","announcement":"Board Meeting-Closure of Trading Window","link":"https://www.bseindia.com/corporates/anndet_new.aspx?newsid\u003d3f6bd68d-d8f0-4fc8-891d-961ae4d82b45"}],"warehouse_set":{"high_price":30.9,"low_price":13.6,"sales_growth":35.95,"current_price":20.65,"dividend_yield":0.0,"face_value":1.0,"id":952,"sales_growth_3years":19.77,"profit_growth_5years":49.43,"average_return_on_equity_3years":25.09,"book_value":1.46,"status":"Active","sales_growth_10years":59.08,"average_return_on_equity_10years":-3.78,"profit_growth":99.15,"market_capitalization":345.77,"price_to_earning":48.91,"industry":"Healthcare Services","analysis":{"remarks":[],"bad":["Stock is trading at 14.10 times its book value","Though the company is reporting repeated profits, it is not paying out dividend"],"good":["Company has reduced debt.","Company is expected to give good quarter","Company has a good return on equity (ROE) track record: 3 Years ROE 25.09%"]},"result_type":"sa","sales_growth_5years":22.72,"return_on_equity":36.37,"average_return_on_equity_5years":17.62},"id":1804,"name":"KMC Speciality Hospitals (India) Ltd","screenerStockPrice":{"prices":[0.22,1.09,2.04,1.24,1.32,1.17,1.23,1.7,1.43,1.9,1.54,1.22,0.79,0.68,0.59,0.43,0.35,0.23,0.19,0.97,1.49,2.3,3.55,3.99,2.56,2.42,1.78,2.02,1.6,1.64,1.36,1.73,1.34,1.39,1.96,2.98,2.69,2.18,1.42,1.53,1.51,1.58,1.55,1.56,1.5,1.74,1.85,1.92,1.9,2.11,2.08,2.2,2.13,1.92,1.86,1.88,2.2,2.05,1.85,1.95,2.34,1.83,1.89,1.73,1.89,2.2,1.7,1.84,1.68,1.83,1.72,1.5,1.81,1.96,1.91,1.8,2.0,1.98,2.31,2.21,2.1,2.44,2.45,3.03,3.17,3.29,3.38,3.14,3.0,2.89,3.02,4.17,3.6,2.82,2.1,1.94,1.76,1.8,1.73,1.89,1.52,1.54,1.63,2.02,2.8,1.99,1.58,1.35,1.45,2.0,2.61,2.46,2.0,2.0,1.9,2.87,3.25,2.85,3.0,2.91,2.7,2.95,2.9,2.33,2.9,2.79,2.65,3.02,2.95,2.68,2.59,2.69,2.74,2.63,3.02,3.3,2.96,2.95,2.92,2.81,2.77,2.9,2.4,2.2,2.25,2.5,2.66,2.56,3.6,3.42,3.7,4.48,3.87,3.95,5.04,5.6,8.16,8.16,10.84,8.08,7.65,7.8,7.77,8.47,7.88,7.68,9.44,9.4,9.06,7.8,7.72,7.82,7.56,7.75,7.25,7.98,7.6,11.48,11.09,10.37,11.07,9.94,9.87,9.9,10.29,9.84,10.07,12.5,14.23,14.45,13.43,13.25,13.83,16.83,16.05,15.3,17.05,19.7,22.2,22.55,26.65,24.55,20.55,20.05,20.3,18.25,19.2,17.65,18.05,24.5,23.65,22.4,25.6,24.45,22.9,20.45,21.1,21.2,20.0,18.7,22.5,20.6],"dates":["04 Apr 2005","03 May 2005","16 May 2005","27 May 2005","09 Jun 2005","22 Jun 2005","07 Jul 2005","22 Jul 2005","09 Aug 2005","25 Aug 2005","16 Sep 2005","18 Oct 2005","22 Nov 2005","13 Dec 2005","18 Jan 2006","14 Feb 2006","02 May 2006","05 Jul 2006","14 Aug 2007","23 Apr 2010","11 May 2010","24 May 2010","04 Jun 2010","18 Jun 2010","06 Jul 2010","27 Jul 2010","12 Aug 2010","27 Aug 2010","09 Sep 2010","27 Sep 2010","15 Oct 2010","09 Nov 2010","25 Nov 2010","21 Dec 2010","12 Jan 2011","03 Feb 2011","16 Feb 2011","04 Mar 2011","17 Mar 2011","30 Mar 2011","13 Apr 2011","28 Apr 2011","12 May 2011","25 May 2011","08 Jun 2011","21 Jun 2011","04 Jul 2011","15 Jul 2011","28 Jul 2011","10 Aug 2011","24 Aug 2011","08 Sep 2011","21 Sep 2011","04 Oct 2011","18 Oct 2011","01 Nov 2011","17 Nov 2011","01 Dec 2011","20 Dec 2011","03 Jan 2012","13 Jan 2012","01 Feb 2012","16 Feb 2012","01 Mar 2012","15 Mar 2012","30 Mar 2012","16 Apr 2012","28 Apr 2012","14 May 2012","28 May 2012","08 Jun 2012","21 Jun 2012","04 Jul 2012","19 Jul 2012","01 Aug 2012","16 Aug 2012","04 Sep 2012","17 Sep 2012","01 Oct 2012","15 Oct 2012","29 Oct 2012","09 Nov 2012","23 Nov 2012","07 Dec 2012","20 Dec 2012","03 Jan 2013","16 Jan 2013","29 Jan 2013","11 Feb 2013","25 Feb 2013","08 Mar 2013","21 Mar 2013","05 Apr 2013","18 Apr 2013","06 May 2013","20 May 2013","04 Jun 2013","18 Jun 2013","09 Jul 2013","23 Jul 2013","08 Aug 2013","06 Sep 2013","17 Oct 2013","11 Nov 2013","29 Nov 2013","08 Jan 2014","21 Jan 2014","03 Feb 2014","24 Feb 2014","11 Mar 2014","25 Mar 2014","09 Apr 2014","29 Apr 2014","13 May 2014","26 May 2014","06 Jun 2014","19 Jun 2014","02 Jul 2014","15 Jul 2014","28 Jul 2014","12 Aug 2014","28 Aug 2014","11 Sep 2014","24 Sep 2014","10 Oct 2014","27 Oct 2014","11 Nov 2014","24 Nov 2014","05 Dec 2014","19 Dec 2014","02 Jan 2015","15 Jan 2015","29 Jan 2015","12 Feb 2015","26 Feb 2015","11 Mar 2015","24 Mar 2015","08 Apr 2015","22 Apr 2015","06 May 2015","19 May 2015","01 Jun 2015","12 Jun 2015","25 Jun 2015","08 Jul 2015","21 Jul 2015","03 Aug 2015","14 Aug 2015","27 Aug 2015","09 Sep 2015","23 Sep 2015","08 Oct 2015","21 Oct 2015","04 Nov 2015","18 Nov 2015","02 Dec 2015","15 Dec 2015","29 Dec 2015","11 Jan 2016","22 Jan 2016","05 Feb 2016","18 Feb 2016","02 Mar 2016","16 Mar 2016","31 Mar 2016","13 Apr 2016","29 Apr 2016","12 May 2016","25 May 2016","07 Jun 2016","20 Jun 2016","01 Jul 2016","15 Jul 2016","28 Jul 2016","10 Aug 2016","24 Aug 2016","07 Sep 2016","21 Sep 2016","04 Oct 2016","19 Oct 2016","01 Nov 2016","15 Nov 2016","28 Nov 2016","09 Dec 2016","22 Dec 2016","04 Jan 2017","17 Jan 2017","31 Jan 2017","13 Feb 2017","27 Feb 2017","10 Mar 2017","24 Mar 2017","07 Apr 2017","21 Apr 2017","05 May 2017","18 May 2017","31 May 2017","13 Jun 2017","27 Jun 2017","10 Jul 2017","21 Jul 2017","03 Aug 2017","17 Aug 2017","31 Aug 2017","13 Sep 2017","26 Sep 2017","10 Oct 2017","24 Oct 2017","06 Nov 2017","17 Nov 2017","30 Nov 2017","13 Dec 2017","27 Dec 2017","09 Jan 2018","22 Jan 2018","05 Feb 2018","19 Feb 2018","05 Mar 2018","16 Mar 2018","02 Apr 2018","13 Apr 2018","26 Apr 2018"],"id":"1804"},"stockPricesEventDays":{"exRightsStocks":{},"anncStocks":{},"recordStocks":{}}}