{"prime":"sa","number_set":{"balancesheet":[["Share Capital",{"2008-03-31":0.21,"2016-03-31":1.88,"2014-03-31":1.88,"2011-03-31":1.88,"2015-03-31":1.88,"2013-03-31":1.88,"2006-03-31":0.21,"2012-03-31":1.88,"2017-03-31":1.88,"2010-03-31":1.88,"2009-03-31":0.63,"2007-03-31":0.21}],["Reserves",{"2008-03-31":0.12,"2016-03-31":10.6,"2014-03-31":10.45,"2011-03-31":8.73,"2015-03-31":10.55,"2013-03-31":10.31,"2006-03-31":0.03,"2012-03-31":9.33,"2017-03-31":10.49,"2010-03-31":7.81,"2009-03-31":1.27,"2007-03-31":0.03}],["Borrowings",{"2008-03-31":0.14,"2016-03-31":0.0,"2014-03-31":0.0,"2011-03-31":0.0,"2015-03-31":0.0,"2013-03-31":0.0,"2006-03-31":0.02,"2012-03-31":0.0,"2017-03-31":0.0,"2010-03-31":0.0,"2009-03-31":0.0,"2007-03-31":0.33}],["Other Liabilities",{"2008-03-31":0.03,"2016-03-31":0.07,"2014-03-31":0.14,"2011-03-31":0.4,"2015-03-31":0.08,"2013-03-31":0.36,"2006-03-31":0.0,"2012-03-31":0.25,"2017-03-31":0.05,"2010-03-31":0.26,"2009-03-31":0.18,"2007-03-31":0.07}],["Total Liabilities",{"2008-03-31":0.5,"2016-03-31":12.55,"2014-03-31":12.47,"2011-03-31":11.01,"2015-03-31":12.51,"2013-03-31":12.55,"2006-03-31":0.26,"2012-03-31":11.46,"2017-03-31":12.42,"2010-03-31":9.95,"2009-03-31":2.08,"2007-03-31":0.64}],["Fixed Assets",{"2008-03-31":0.0,"2016-03-31":0.07,"2014-03-31":0.13,"2011-03-31":0.0,"2015-03-31":0.1,"2013-03-31":0.17,"2006-03-31":0.0,"2012-03-31":0.23,"2017-03-31":0.06,"2010-03-31":0.0,"2009-03-31":0.0,"2007-03-31":0.0}],["CWIP",{"2008-03-31":0.0,"2016-03-31":0.0,"2014-03-31":0.0,"2011-03-31":0.0,"2015-03-31":0.0,"2013-03-31":0.0,"2006-03-31":0.0,"2012-03-31":0.0,"2017-03-31":0.0,"2010-03-31":0.0,"2009-03-31":0.0,"2007-03-31":0.0}],["Investments",{"2008-03-31":0.48,"2016-03-31":12.41,"2014-03-31":12.09,"2011-03-31":9.92,"2015-03-31":12.34,"2013-03-31":11.92,"2006-03-31":0.06,"2012-03-31":10.92,"2017-03-31":12.33,"2010-03-31":0.3,"2009-03-31":0.48,"2007-03-31":0.5}],["Other Assets",{"2008-03-31":0.02,"2016-03-31":0.07,"2014-03-31":0.25,"2011-03-31":1.09,"2015-03-31":0.07,"2013-03-31":0.46,"2006-03-31":0.2,"2012-03-31":0.31,"2017-03-31":0.03,"2010-03-31":9.65,"2009-03-31":1.6,"2007-03-31":0.14}],["Total Assets",{"2008-03-31":0.5,"2016-03-31":12.55,"2014-03-31":12.47,"2011-03-31":11.01,"2015-03-31":12.51,"2013-03-31":12.55,"2006-03-31":0.26,"2012-03-31":11.46,"2017-03-31":12.42,"2010-03-31":9.95,"2009-03-31":2.08,"2007-03-31":0.64}]],"annual":[["Sales",{"2008-03-31":0.18,"2016-03-31":0.3,"2014-03-31":0.47,"2011-03-31":1.14,"2015-03-31":0.73,"2013-03-31":1.53,"2006-03-31":0.01,"2012-03-31":0.0,"2017-03-31":0.09,"2010-03-31":0.45,"2009-03-31":1.33,"2007-03-31":0.04}],["Expenses",{"2008-03-31":0.03,"2016-03-31":0.17,"2014-03-31":0.14,"2011-03-31":0.02,"2015-03-31":0.51,"2013-03-31":0.15,"2012-03-31":-0.99,"2017-03-31":0.14,"2010-03-31":0.04,"2009-03-31":0.06,"2007-03-31":0.02}],["Operating Profit",{"2008-03-31":0.15,"2016-03-31":0.13,"2014-03-31":0.33,"2011-03-31":1.12,"2015-03-31":0.22,"2013-03-31":1.38,"2012-03-31":0.99,"2017-03-31":-0.05,"2010-03-31":0.41,"2009-03-31":1.27,"2007-03-31":0.02}],["OPM",{"2008-03-31":83.33,"2016-03-31":43.33,"2014-03-31":70.21,"2011-03-31":98.25,"2015-03-31":30.14,"2013-03-31":90.2,"2012-03-31":"--","2017-03-31":-55.56,"2010-03-31":91.11,"2009-03-31":95.49,"2007-03-31":50.0}],["Other Income",{"2008-03-31":0.0,"2016-03-31":0.0,"2014-03-31":0.0,"2011-03-31":0.0,"2015-03-31":0.0,"2013-03-31":0.0,"2006-03-31":0.0,"2012-03-31":0.0,"2017-03-31":0.0,"2010-03-31":0.0,"2009-03-31":0.0,"2007-03-31":0.0}],["Interest",{"2008-03-31":0.03,"2016-03-31":0.0,"2014-03-31":0.0,"2011-03-31":0.0,"2015-03-31":0.0,"2013-03-31":0.0,"2006-03-31":0.0,"2012-03-31":0.0,"2017-03-31":0.0,"2010-03-31":0.0,"2009-03-31":0.0,"2007-03-31":0.0}],["Depreciation",{"2008-03-31":0.0,"2016-03-31":0.02,"2014-03-31":0.05,"2011-03-31":0.01,"2015-03-31":0.03,"2013-03-31":0.07,"2006-03-31":0.0,"2012-03-31":0.07,"2017-03-31":0.02,"2010-03-31":0.0,"2009-03-31":0.0,"2007-03-31":0.0}],["Profit before tax",{"2008-03-31":0.12,"2016-03-31":0.11,"2014-03-31":0.27,"2011-03-31":1.11,"2015-03-31":0.19,"2013-03-31":1.32,"2006-03-31":0.0,"2012-03-31":0.92,"2017-03-31":-0.06,"2010-03-31":0.41,"2009-03-31":1.27,"2007-03-31":0.02}],["Tax",{"2008-03-31":0.02,"2016-03-31":0.02,"2014-03-31":0.09,"2011-03-31":0.14,"2015-03-31":0.03,"2013-03-31":0.3,"2006-03-31":0.0,"2012-03-31":0.28,"2017-03-31":0.0,"2010-03-31":0.07,"2009-03-31":0.15,"2007-03-31":0.01}],["Net Profit",{"2008-03-31":0.1,"2016-03-31":0.09,"2014-03-31":0.18,"2011-03-31":0.97,"2015-03-31":0.15,"2013-03-31":1.02,"2006-03-31":0.0,"2012-03-31":0.65,"2017-03-31":-0.06,"2010-03-31":0.34,"2009-03-31":1.12,"2007-03-31":0.01}],["EPS (unadj)",{"2008-03-31":4.76,"2016-03-31":0.42,"2014-03-31":0.94,"2011-03-31":5.11,"2015-03-31":0.77,"2013-03-31":5.38,"2006-03-31":0.0,"2012-03-31":3.4,"2017-03-31":0.0,"2010-03-31":1.76,"2009-03-31":17.62,"2007-03-31":0.48}],["Dividend Payout",{"2008-03-31":10.5,"2016-03-31":41.78,"2014-03-31":20.89,"2011-03-31":3.88,"2015-03-31":25.07,"2013-03-31":3.69,"2006-03-31":"--","2012-03-31":5.78,"2017-03-31":-62.67,"2010-03-31":11.06,"2009-03-31":2.81,"2007-03-31":105.0}]],"cashflow":[["Cash from Operating Activity",{"2008-03-31":0.11,"2016-03-31":0.42,"2014-03-31":-0.26,"2011-03-31":-0.17,"2015-03-31":-0.08,"2013-03-31":-0.45,"2006-03-31":-0.04,"2012-03-31":-0.33,"2017-03-31":0.04,"2010-03-31":-0.1,"2009-03-31":-0.15,"2007-03-31":0.21}],["Cash from Investing Activity",{"2008-03-31":0.02,"2016-03-31":-0.37,"2014-03-31":0.3,"2011-03-31":0.76,"2015-03-31":0.11,"2013-03-31":0.53,"2006-03-31":0.04,"2012-03-31":-0.18,"2017-03-31":-0.02,"2010-03-31":-7.48,"2009-03-31":0.0,"2007-03-31":-0.44}],["Cash from Financing Activity",{"2008-03-31":-0.2,"2016-03-31":-0.05,"2014-03-31":-0.04,"2011-03-31":-0.05,"2015-03-31":-0.04,"2013-03-31":-0.04,"2006-03-31":0.0,"2012-03-31":-0.04,"2017-03-31":-0.05,"2010-03-31":7.42,"2009-03-31":0.33,"2007-03-31":0.31}],["Net Cash Flow",{"2008-03-31":-0.07,"2016-03-31":0.0,"2014-03-31":0.0,"2011-03-31":0.54,"2015-03-31":-0.02,"2013-03-31":0.04,"2006-03-31":0.0,"2012-03-31":-0.55,"2017-03-31":-0.02,"2010-03-31":-0.16,"2009-03-31":0.18,"2007-03-31":0.08}]],"quarters":[["Sales",{"2016-06-30":0.0,"2016-12-31":0.0,"2017-03-31":0.08,"2017-06-30":0.19,"2015-06-30":0.29,"2015-03-31":0.01,"2017-09-30":0.0,"2015-12-31":0.0,"2016-03-31":0.01,"2017-12-31":0.0,"2016-09-30":0.01,"2015-09-30":0.0}],["Expenses",{"2016-06-30":0.03,"2016-12-31":0.05,"2017-03-31":0.04,"2017-06-30":0.07,"2015-06-30":0.05,"2015-03-31":0.4,"2017-09-30":0.01,"2015-12-31":0.04,"2016-03-31":0.05,"2017-12-31":0.01,"2016-09-30":0.01,"2015-09-30":0.04}],["Operating Profit",{"2016-06-30":-0.03,"2016-12-31":-0.05,"2017-03-31":0.04,"2017-06-30":0.12,"2015-06-30":0.24,"2015-03-31":-0.39,"2017-09-30":-0.01,"2015-12-31":-0.04,"2016-03-31":-0.04,"2017-12-31":-0.01,"2016-09-30":0.0,"2015-09-30":-0.04}],["OPM",{"2016-06-30":"--","2016-12-31":"--","2017-03-31":50.0,"2017-06-30":63.16,"2015-06-30":82.76,"2015-03-31":-3900.0,"2017-09-30":"--","2015-12-31":"--","2016-03-31":-400.0,"2017-12-31":"--","2016-09-30":0.0,"2015-09-30":"--"}],["Other Income",{"2016-06-30":0.0,"2016-12-31":0.0,"2017-03-31":0.0,"2017-06-30":0.0,"2015-06-30":0.0,"2015-03-31":0.0,"2017-09-30":0.0,"2015-12-31":0.0,"2016-03-31":0.0,"2017-12-31":0.0,"2016-09-30":0.0,"2015-09-30":0.0}],["Depreciation",{"2016-06-30":0.0,"2016-12-31":0.0,"2017-03-31":0.0,"2017-06-30":0.0,"2015-06-30":0.01,"2015-03-31":0.01,"2017-09-30":0.0,"2015-12-31":0.01,"2016-03-31":0.01,"2017-12-31":0.0,"2016-09-30":0.0,"2015-09-30":0.01}],["Interest",{"2016-06-30":0.0,"2016-12-31":0.0,"2017-03-31":0.0,"2017-06-30":0.0,"2015-06-30":0.0,"2015-03-31":0.0,"2017-09-30":0.0,"2015-12-31":0.0,"2016-03-31":0.0,"2017-12-31":0.0,"2016-09-30":0.0,"2015-09-30":0.0}],["Profit before tax",{"2016-06-30":-0.03,"2016-12-31":-0.05,"2017-03-31":0.04,"2017-06-30":0.13,"2015-06-30":0.23,"2015-03-31":-0.4,"2017-09-30":-0.01,"2015-12-31":-0.04,"2016-03-31":-0.05,"2017-12-31":-0.01,"2016-09-30":0.0,"2015-09-30":-0.04}],["Tax",{"2016-06-30":0.0,"2016-12-31":0.0,"2017-03-31":0.0,"2017-06-30":0.0,"2015-06-30":0.0,"2015-03-31":0.03,"2017-09-30":0.0,"2015-12-31":0.0,"2016-03-31":0.02,"2017-12-31":0.0,"2016-09-30":0.0,"2015-09-30":0.0}],["Net Profit",{"2016-06-30":-0.04,"2016-12-31":-0.06,"2017-03-31":0.04,"2017-06-30":0.12,"2015-06-30":0.23,"2015-03-31":-0.43,"2017-09-30":-0.01,"2015-12-31":-0.04,"2016-03-31":-0.07,"2017-12-31":-0.01,"2016-09-30":-0.01,"2015-09-30":-0.04}]]},"bse_code":"505594","short_name":"Multiplus Hold.","nse_code":"","companyrating_set":[],"annualreport_set":[{"source":"bse","report_date":2017,"link":"http://www.bseindia.com/bseplus/AnnualReport/505594/5055940317.pdf"},{"source":"bse","report_date":2016,"link":"http://www.bseindia.com/bseplus/AnnualReport/505594/5055940316.pdf"},{"source":"bse","report_date":2015,"link":"http://www.bseindia.com/bseplus/AnnualReport/505594/5055940315.pdf"},{"source":"bse","report_date":2014,"link":"http://www.bseindia.com/bseplus/AnnualReport/505594/5055940314.pdf"},{"source":"bse","report_date":2013,"link":"http://www.bseindia.com/bseplus/annualreport/505594/5055940313.pdf"},{"source":"bse","report_date":2012,"link":"http://www.bseindia.com/bseplus/annualreport/505594/5055940312.pdf"},{"source":"bse","report_date":2011,"link":"http://www.bseindia.com/bseplus/annualreport/505594/5055940311.pdf"},{"source":"bse","report_date":2010,"link":"http://www.bseindia.com/bseplus/annualreport/505594/5055940310.pdf"}],"announcement_set":[{"ann_date":"27 Apr 2018","announcement":"Board to consider Dividend","link":"https://www.bseindia.com/corporates/anndet_new.aspx?newsid\u003dc23f64de-3e8c-402d-9390-09c8a9fda660"},{"ann_date":"27 Apr 2018","announcement":"Compliance Certificate For The Period Ended 31.03.2018","link":"https://www.bseindia.com/corporates/anndet_new.aspx?newsid\u003dd6519832-10e4-44ac-be65-781b4e918277"},{"ann_date":"27 Apr 2018","announcement":"Board Meeting To Be Held On 26.05.2018","link":"https://www.bseindia.com/corporates/anndet_new.aspx?newsid\u003dc93c253e-0c81-4bd5-ba44-f35326a76330"},{"ann_date":"21 Apr 2018","announcement":"Compliance Certificate For The Half Year Ended 31.03.2018","link":"https://www.bseindia.com/corporates/anndet_new.aspx?newsid\u003dedfd9230-0ead-4578-80e9-9e2bfd319eba"},{"ann_date":"21 Apr 2018","announcement":"Board Meeting To Be Held On 26.05.2018","link":"https://www.bseindia.com/corporates/anndet_new.aspx?newsid\u003d4d766928-0f87-4b98-a500-8e26a85800c6"}],"warehouse_set":{"high_price":32.8,"low_price":32.8,"sales_growth":1250.0,"current_price":32.8,"face_value":10.0,"id":3691,"sales_growth_3years":-42.36,"average_return_on_equity_3years":0.49,"status":"Active","sales_growth_10years":-7.41,"average_return_on_equity_10years":6.29,"profit_growth":177.78,"industry":"Misc.Commercial Services","analysis":{"remarks":[],"bad":["Company has a low return on equity of 0.49% for last 3 years."],"good":["Company is virtually debt free.","Company has been maintaining a healthy dividend payout of 37.60%"]},"result_type":"sa","return_on_equity":-0.48,"average_return_on_equity_5years":2.31},"id":2158,"name":"Multiplus Holdings Ltd","screenerStockPrice":{"prices":[20.33,21.3,22.35,23.45,24.6,25.8,27.05,28.4,29.8,31.25,32.8],"dates":["14 Dec 2006","25 Feb 2009","06 Mar 2009","13 Mar 2009","20 Mar 2009","17 Apr 2009","04 May 2009","15 May 2009","22 May 2009","14 Sep 2010","20 Jan 2015"],"id":"2158"},"stockPricesEventDays":{"exRightsStocks":{},"anncStocks":{},"recordStocks":{}}}