{"prime":"sa","number_set":{"balancesheet":[["Share Capital",{"2008-03-31":0.25,"2016-03-31":0.25,"2014-03-31":0.25,"2011-03-31":0.25,"2015-03-31":0.25,"2013-03-31":0.25,"2006-03-31":0.25,"2012-03-31":0.25,"2017-03-31":0.25,"2010-03-31":0.25,"2009-03-31":0.25,"2007-03-31":0.25}],["Reserves",{"2008-03-31":0.46,"2016-03-31":-0.14,"2014-03-31":0.35,"2011-03-31":0.58,"2015-03-31":-0.07,"2013-03-31":0.38,"2006-03-31":0.24,"2012-03-31":0.6,"2017-03-31":-0.21,"2010-03-31":0.46,"2009-03-31":0.47,"2007-03-31":0.32}],["Borrowings",{"2008-03-31":0.0,"2016-03-31":0.15,"2014-03-31":0.0,"2011-03-31":0.0,"2015-03-31":0.09,"2013-03-31":0.0,"2006-03-31":0.0,"2012-03-31":0.0,"2017-03-31":0.22,"2010-03-31":0.0,"2009-03-31":0.0,"2007-03-31":0.0}],["Other Liabilities",{"2008-03-31":0.0,"2016-03-31":-0.01,"2014-03-31":0.01,"2011-03-31":0.09,"2015-03-31":0.0,"2013-03-31":0.0,"2006-03-31":0.0,"2012-03-31":0.12,"2017-03-31":-0.01,"2010-03-31":0.04,"2009-03-31":0.04,"2007-03-31":0.0}],["Total Liabilities",{"2008-03-31":0.71,"2016-03-31":0.25,"2014-03-31":0.61,"2011-03-31":0.92,"2015-03-31":0.27,"2013-03-31":0.63,"2006-03-31":0.49,"2012-03-31":0.97,"2017-03-31":0.25,"2010-03-31":0.75,"2009-03-31":0.76,"2007-03-31":0.57}],["Fixed Assets",{"2008-03-31":0.0,"2016-03-31":0.0,"2014-03-31":0.0,"2011-03-31":0.0,"2015-03-31":0.0,"2013-03-31":0.0,"2006-03-31":0.0,"2012-03-31":0.0,"2017-03-31":0.0,"2010-03-31":0.0,"2009-03-31":0.0,"2007-03-31":0.0}],["CWIP",{"2008-03-31":0.0,"2016-03-31":0.0,"2014-03-31":0.0,"2011-03-31":0.0,"2015-03-31":0.0,"2013-03-31":0.0,"2006-03-31":0.0,"2012-03-31":0.0,"2017-03-31":0.0,"2010-03-31":0.0,"2009-03-31":0.0,"2007-03-31":0.0}],["Investments",{"2008-03-31":0.0,"2016-03-31":0.0,"2014-03-31":0.0,"2011-03-31":0.13,"2015-03-31":0.0,"2013-03-31":0.0,"2006-03-31":0.2,"2012-03-31":0.0,"2017-03-31":0.0,"2010-03-31":0.03,"2009-03-31":0.03,"2007-03-31":0.32}],["Other Assets",{"2008-03-31":0.71,"2016-03-31":0.25,"2014-03-31":0.61,"2011-03-31":0.79,"2015-03-31":0.27,"2013-03-31":0.63,"2006-03-31":0.29,"2012-03-31":0.97,"2017-03-31":0.25,"2010-03-31":0.72,"2009-03-31":0.73,"2007-03-31":0.25}],["Total Assets",{"2008-03-31":0.71,"2016-03-31":0.25,"2014-03-31":0.61,"2011-03-31":0.92,"2015-03-31":0.27,"2013-03-31":0.63,"2006-03-31":0.49,"2012-03-31":0.97,"2017-03-31":0.25,"2010-03-31":0.75,"2009-03-31":0.76,"2007-03-31":0.57}]],"annual":[["Sales",{"2008-03-31":0.16,"2016-03-31":0.0,"2014-03-31":0.0,"2011-03-31":0.14,"2015-03-31":0.01,"2013-03-31":0.14,"2006-03-31":0.26,"2012-03-31":0.37,"2017-03-31":0.0,"2010-03-31":0.06,"2009-03-31":0.06,"2007-03-31":0.18}],["Expenses",{"2008-03-31":0.02,"2016-03-31":0.09,"2014-03-31":0.02,"2011-03-31":-0.04,"2015-03-31":0.41,"2013-03-31":0.34,"2006-03-31":0.15,"2012-03-31":0.34,"2017-03-31":0.07,"2010-03-31":0.07,"2009-03-31":0.05,"2007-03-31":0.08}],["Operating Profit",{"2008-03-31":0.14,"2016-03-31":-0.09,"2014-03-31":-0.02,"2011-03-31":0.18,"2015-03-31":-0.4,"2013-03-31":-0.2,"2006-03-31":0.11,"2012-03-31":0.03,"2017-03-31":-0.07,"2010-03-31":-0.01,"2009-03-31":0.01,"2007-03-31":0.1}],["OPM",{"2008-03-31":87.5,"2016-03-31":"--","2014-03-31":"--","2011-03-31":128.57,"2015-03-31":-4000.0,"2013-03-31":-142.86,"2006-03-31":42.31,"2012-03-31":8.11,"2017-03-31":"--","2010-03-31":-16.67,"2009-03-31":16.67,"2007-03-31":55.56}],["Other Income",{"2008-03-31":0.0,"2016-03-31":0.01,"2014-03-31":0.0,"2011-03-31":0.0,"2015-03-31":0.0,"2013-03-31":0.0,"2006-03-31":0.0,"2012-03-31":0.0,"2017-03-31":0.0,"2010-03-31":0.0,"2009-03-31":0.0,"2007-03-31":0.0}],["Interest",{"2008-03-31":0.0,"2016-03-31":0.0,"2014-03-31":0.0,"2011-03-31":0.0,"2015-03-31":0.02,"2013-03-31":0.0,"2006-03-31":0.01,"2012-03-31":0.0,"2017-03-31":0.0,"2010-03-31":0.0,"2009-03-31":0.0,"2007-03-31":0.01}],["Depreciation",{"2008-03-31":0.0,"2016-03-31":0.0,"2014-03-31":0.0,"2011-03-31":0.0,"2015-03-31":0.0,"2013-03-31":0.0,"2006-03-31":0.0,"2012-03-31":0.0,"2017-03-31":0.0,"2010-03-31":0.0,"2009-03-31":0.0,"2007-03-31":0.0}],["Profit before tax",{"2008-03-31":0.14,"2016-03-31":-0.07,"2014-03-31":-0.03,"2011-03-31":0.18,"2015-03-31":-0.42,"2013-03-31":-0.2,"2006-03-31":0.1,"2012-03-31":0.03,"2017-03-31":-0.07,"2010-03-31":-0.01,"2009-03-31":0.01,"2007-03-31":0.09}],["Tax",{"2008-03-31":0.0,"2016-03-31":0.0,"2014-03-31":0.0,"2011-03-31":0.05,"2015-03-31":0.0,"2013-03-31":0.0,"2006-03-31":0.0,"2012-03-31":0.01,"2017-03-31":0.0,"2010-03-31":0.0,"2009-03-31":-0.02,"2007-03-31":0.01}],["Net Profit",{"2008-03-31":0.14,"2016-03-31":-0.07,"2014-03-31":-0.03,"2011-03-31":0.13,"2015-03-31":-0.42,"2013-03-31":-0.2,"2006-03-31":0.1,"2012-03-31":0.02,"2017-03-31":-0.07,"2010-03-31":-0.01,"2009-03-31":0.03,"2007-03-31":0.08}],["EPS (unadj)",{"2008-03-31":5.6,"2016-03-31":0.0,"2014-03-31":0.0,"2011-03-31":5.2,"2015-03-31":0.0,"2013-03-31":0.0,"2006-03-31":4.0,"2012-03-31":0.8,"2017-03-31":0.0,"2010-03-31":0.0,"2009-03-31":1.2,"2007-03-31":3.2}],["Dividend Payout",{"2008-03-31":0.0,"2016-03-31":-0.0,"2014-03-31":-0.0,"2011-03-31":0.0,"2015-03-31":-0.0,"2013-03-31":-0.0,"2006-03-31":0.0,"2012-03-31":0.0,"2017-03-31":-0.0,"2010-03-31":-0.0,"2009-03-31":0.0,"2007-03-31":0.0}]],"cashflow":[["Cash from Operating Activity",{"2016-03-31":-0.07,"2014-03-31":-0.03,"2011-03-31":0.07,"2015-03-31":-0.1,"2013-03-31":-0.07,"2012-03-31":-0.75,"2017-03-31":-0.07,"2010-03-31":-0.08,"2009-03-31":-0.01}],["Cash from Investing Activity",{"2016-03-31":0.0,"2014-03-31":0.0,"2011-03-31":-0.02,"2015-03-31":0.0,"2013-03-31":0.0,"2012-03-31":0.19,"2017-03-31":0.0,"2010-03-31":0.05,"2009-03-31":0.03}],["Cash from Financing Activity",{"2016-03-31":0.06,"2014-03-31":0.0,"2011-03-31":0.0,"2015-03-31":0.09,"2013-03-31":0.0,"2012-03-31":0.0,"2017-03-31":0.07,"2010-03-31":0.0,"2009-03-31":0.0}],["Net Cash Flow",{"2016-03-31":0.0,"2014-03-31":-0.03,"2011-03-31":0.05,"2015-03-31":-0.01,"2013-03-31":-0.07,"2012-03-31":-0.56,"2017-03-31":0.0,"2010-03-31":-0.03,"2009-03-31":0.02}]],"quarters":[["Sales",{"2016-06-30":0.0,"2016-12-31":0.0,"2017-03-31":0.0,"2017-06-30":0.0,"2015-06-30":0.0,"2015-03-31":0.01,"2017-09-30":0.0,"2015-12-31":0.01,"2016-03-31":0.0,"2017-12-31":0.0,"2016-09-30":0.0,"2015-09-30":0.0}],["Expenses",{"2016-06-30":0.03,"2016-12-31":0.01,"2017-03-31":0.02,"2017-06-30":0.04,"2015-06-30":0.04,"2015-03-31":-0.03,"2017-09-30":0.0,"2015-12-31":0.01,"2016-03-31":0.02,"2017-12-31":0.0,"2016-09-30":0.01,"2015-09-30":0.02}],["Operating Profit",{"2016-06-30":-0.03,"2016-12-31":-0.01,"2017-03-31":-0.02,"2017-06-30":-0.04,"2015-06-30":-0.04,"2015-03-31":0.04,"2017-09-30":0.0,"2015-12-31":0.0,"2016-03-31":-0.02,"2017-12-31":0.0,"2016-09-30":-0.01,"2015-09-30":-0.02}],["OPM",{"2016-06-30":"--","2016-12-31":"--","2017-03-31":"--","2017-06-30":"--","2015-06-30":"--","2015-03-31":400.0,"2017-09-30":"--","2015-12-31":0.0,"2016-03-31":"--","2017-12-31":"--","2016-09-30":"--","2015-09-30":"--"}],["Other Income",{"2016-06-30":0.0,"2016-12-31":0.0,"2017-03-31":0.0,"2017-06-30":0.0,"2015-06-30":0.0,"2015-03-31":0.0,"2017-09-30":0.0,"2015-12-31":0.0,"2016-03-31":0.0,"2017-12-31":0.0,"2016-09-30":0.0,"2015-09-30":0.0}],["Depreciation",{"2016-06-30":0.0,"2016-12-31":0.0,"2017-03-31":0.0,"2017-06-30":0.0,"2015-06-30":0.0,"2015-03-31":0.0,"2017-09-30":0.0,"2015-12-31":0.0,"2016-03-31":0.0,"2017-12-31":0.0,"2016-09-30":0.0,"2015-09-30":0.0}],["Interest",{"2016-06-30":0.0,"2016-12-31":0.0,"2017-03-31":0.0,"2017-06-30":0.0,"2015-06-30":0.0,"2015-03-31":0.02,"2017-09-30":0.0,"2015-12-31":0.0,"2016-03-31":0.0,"2017-12-31":0.0,"2016-09-30":0.0,"2015-09-30":0.0}],["Profit before tax",{"2016-06-30":-0.03,"2016-12-31":-0.01,"2017-03-31":-0.02,"2017-06-30":-0.04,"2015-06-30":-0.04,"2015-03-31":0.02,"2017-09-30":0.0,"2015-12-31":0.0,"2016-03-31":-0.02,"2017-12-31":0.0,"2016-09-30":-0.01,"2015-09-30":-0.02}],["Tax",{"2016-06-30":0.0,"2016-12-31":0.0,"2017-03-31":0.0,"2017-06-30":0.0,"2015-06-30":0.0,"2015-03-31":0.0,"2017-09-30":0.0,"2015-12-31":0.0,"2016-03-31":0.0,"2017-12-31":0.0,"2016-09-30":0.0,"2015-09-30":0.0}],["Net Profit",{"2016-06-30":-0.03,"2016-12-31":-0.01,"2017-03-31":-0.02,"2017-06-30":-0.04,"2015-06-30":-0.04,"2015-03-31":0.02,"2017-09-30":0.0,"2015-12-31":0.0,"2016-03-31":-0.02,"2017-12-31":0.0,"2016-09-30":-0.01,"2015-09-30":-0.02}]]},"bse_code":"512345","short_name":"Yash Trad.\u0026 Fin.","nse_code":"","companyrating_set":[],"annualreport_set":[{"source":"bse","report_date":2014,"link":"http://www.bseindia.com/bseplus/AnnualReport/512345/5123450314.pdf"},{"source":"bse","report_date":2013,"link":"http://www.bseindia.com/bseplus/AnnualReport/512345/5123450313.pdf"},{"source":"bse","report_date":2011,"link":"http://www.bseindia.com/bseplus/annualreport/512345/5123450311.pdf"},{"source":"bse","report_date":2010,"link":"http://www.bseindia.com/bseplus/annualreport/512345/5123450310.pdf"}],"announcement_set":[{"ann_date":"20 Apr 2018","announcement":"Compliance Certificate For Period Ended March 31, 2018","link":"https://www.bseindia.com/corporates/anndet_new.aspx?newsid\u003db5d27dfd-05d7-4b35-8ee5-d681b6f0f85f"},{"ann_date":"17 Apr 2018","announcement":"Shareholding for the Period Ended March 31, 2018","link":"https://www.bseindia.com/corporates/anndet_new.aspx?newsid\u003d57458e79-e318-46a5-9e3a-db5bfbe93884"},{"ann_date":"19 Feb 2018","announcement":"Announcement under Regulation 30 (LODR)-Updates","link":"https://www.bseindia.com/corporates/anndet_new.aspx?newsid\u003d47ae4294-ddbe-41e6-b90d-b5d9b145811c"},{"ann_date":"29 Jan 2018","announcement":"Newspaper Publication","link":"http://www.bseindia.com/corporates/anndet_new.aspx?newsid\u003d72f05e83-07e3-4e44-bca1-2959e8a260b8"},{"ann_date":"25 Jan 2018","announcement":"Financial Results For The Quarter Ended 31-12-2017","link":"http://www.bseindia.com/corporates/anndet_new.aspx?newsid\u003d142112fd-aa2a-4e0a-85c4-ac82172ff23c"}],"warehouse_set":{"high_price":205.0,"low_price":167.0,"current_price":191.65,"face_value":10.0,"id":3435,"average_return_on_equity_3years":-86.15,"status":"Suspended","average_return_on_equity_10years":-0.96,"profit_growth":14.29,"industry":"Other Financial Services","analysis":{"remarks":[],"bad":["Company has low interest coverage ratio.","Company has a low return on equity of -86.15% for last 3 years.","Company might be capitalizing the interest cost"],"good":[]},"result_type":"sa","return_on_equity":-93.33,"average_return_on_equity_5years":-31.01},"id":3780,"name":"Yash Trading \u0026 Finance Ltd","screenerStockPrice":{"prices":[29.99,28.69,27.32,26.13,24.84,23.64,22.54,21.44,20.42,19.43,19.43,19.14,19.14,18.77,19.71,20.68,21.71,22.72,21.62,20.61,19.6,19.43,18.47,18.47,18.47,18.47,18.47,18.47,18.84,19.21,19.58,19.96,20.35,20.76,21.16,21.58,22.01,22.43,22.87,23.31,23.77,24.23,24.71,25.19,25.69,26.18,26.7,27.23,27.77,28.32,29.72,29.72,31.19,32.73,34.35,36.06,37.87,39.74,41.73,43.81,46.0,48.3,50.71,53.23,55.2,56.3,57.43,56.67,57.79,58.94,60.11,61.31,62.52,63.76,65.03,66.31,67.64,68.96,70.32,71.72,73.14,74.59,76.08,77.59,79.14,80.72,82.32,83.96,85.63,87.29,89.02,90.79,92.59,94.43,96.31,98.22,100.1,102.08,104.11,102.03,100.0,98.02,96.07,94.94,93.05,91.19,89.37,89.37,89.37,88.32,86.85,86.85,86.85,86.85,86.85,86.85,86.85,86.85,86.85,86.85,86.85,86.85,86.87,86.9,85.38,85.38,85.36,85.32,83.63,85.27,85.25,84.64,84.64,84.62,84.25,83.89,83.15,82.8,82.41,81.7,80.96,79.49,77.91,77.91,77.91,76.36,76.36,75.44,75.44,74.34,73.23,72.13,71.02,69.92,68.82,67.71,66.98,65.87,65.87,64.75,63.66,62.56,61.46,62.67,63.92,65.19,66.48,67.8,69.15,70.53],"dates":["30 Sep 2005","04 Oct 2005","19 Oct 2005","24 Oct 2005","25 Oct 2005","02 Dec 2005","06 Dec 2005","07 Dec 2005","08 Dec 2005","09 Dec 2005","03 Feb 2006","27 Oct 2006","31 Oct 2006","02 Nov 2006","09 Nov 2006","14 Nov 2006","15 Nov 2006","16 Nov 2006","17 Nov 2006","29 Nov 2006","30 Nov 2006","01 Dec 2006","04 Dec 2006","12 Mar 2007","13 Mar 2007","11 Jun 2007","10 Aug 2009","21 Jul 2010","30 Jul 2010","04 Aug 2010","10 Aug 2010","11 Aug 2010","12 Aug 2010","13 Aug 2010","18 Aug 2010","27 Aug 2010","31 Aug 2010","02 Sep 2010","07 Sep 2010","14 Sep 2010","20 Sep 2010","23 Sep 2010","24 Sep 2010","29 Sep 2010","06 Oct 2010","12 Oct 2010","21 Oct 2010","27 Oct 2010","01 Nov 2010","02 Nov 2010","23 Nov 2010","26 Nov 2010","29 Nov 2010","09 Dec 2010","10 Dec 2010","15 Dec 2010","21 Dec 2010","23 Dec 2010","27 Jan 2011","28 Jan 2011","08 Feb 2011","17 Feb 2011","23 Feb 2011","25 Feb 2011","04 Mar 2011","13 Apr 2011","15 Jul 2011","18 Aug 2011","12 Oct 2011","20 Oct 2011","21 Oct 2011","24 Oct 2011","25 Oct 2011","26 Oct 2011","28 Oct 2011","01 Nov 2011","02 Nov 2011","03 Nov 2011","04 Nov 2011","08 Nov 2011","09 Nov 2011","11 Nov 2011","14 Nov 2011","15 Nov 2011","16 Nov 2011","17 Nov 2011","18 Nov 2011","22 Nov 2011","23 Nov 2011","24 Nov 2011","28 Nov 2011","29 Nov 2011","01 Dec 2011","02 Dec 2011","07 Dec 2011","08 Dec 2011","09 Dec 2011","12 Dec 2011","13 Dec 2011","14 Dec 2011","22 Dec 2011","29 Dec 2011","30 Dec 2011","03 Jan 2012","06 Jan 2012","11 Jan 2012","18 Jan 2012","19 Jan 2012","20 Jan 2012","24 Jan 2012","03 Feb 2012","06 Feb 2012","07 Feb 2012","08 Feb 2012","09 Feb 2012","13 Feb 2012","17 Feb 2012","02 Mar 2012","12 Mar 2012","14 Mar 2012","15 Mar 2012","16 Mar 2012","20 Mar 2012","21 Mar 2012","22 Mar 2012","23 Mar 2012","26 Mar 2012","27 Mar 2012","28 Mar 2012","29 Mar 2012","30 Mar 2012","02 Apr 2012","04 Apr 2012","09 Apr 2012","10 Apr 2012","23 Apr 2012","24 Apr 2012","25 Apr 2012","26 Apr 2012","27 Apr 2012","30 Apr 2012","24 Jul 2012","25 Jul 2012","28 Aug 2012","29 Aug 2012","03 Sep 2012","10 Sep 2012","24 Sep 2012","18 Oct 2012","02 Nov 2012","05 Nov 2012","06 Nov 2012","07 Nov 2012","08 Nov 2012","09 Nov 2012","19 Nov 2012","30 Nov 2012","13 Dec 2012","17 Dec 2012","31 Dec 2012","01 Jan 2013","03 Jan 2013","04 Jan 2013","25 Jan 2013","04 Oct 2013","07 Oct 2013","08 Oct 2013","09 Oct 2013","10 Oct 2013","11 Oct 2013"],"id":"3780"},"stockPricesEventDays":{"exRightsStocks":{},"anncStocks":{},"recordStocks":{}}}